% Generated by Paperpile. Check out http://paperpile.com for more information.
% BibTeX export options can be customized via Settings -> BibTeX.

@ARTICLE{Wang1999,
  title       = "Divergence time estimates for the early history of animal
                 phyla and the origin of plants, animals and fungi",
  author      = "Wang, D Y and Kumar, S and Hedges, S B",
  affiliation = "Department of Biology, Pennsylvania State University,
                 University Park 16802, USA.",
  journal     = "Proc. Biol. Sci.",
  volume      =  266,
  number      =  1415,
  pages       = "163--171",
  month       =  "22~" # jan,
  year        =  1999,
  keywords    = "Thesis References/01\_Intro"
}

@ARTICLE{Taylor2006,
  title       = "Dating divergences in the Fungal Tree of Life: review and new
                 analyses",
  author      = "Taylor, John W and Berbee, Mary L",
  affiliation = "Department of Plant and Microbial Biology, University of
                 California, Berkeley 94720-3102, USA.
                 jtaylor@nature.berkeley.edu",
  journal     = "Mycologia",
  volume      =  98,
  number      =  6,
  pages       = "838--849",
  month       =  nov,
  year        =  2006,
  keywords    = "Animals; Birds; Birds: genetics; dating divergences;
                 Evolution; fossil fungi; Fungi; Fungi: classification; Fungi:
                 genetics; Mammals; Mammals: genetics; Molecular; Phylogeny;
                 Plants; Plants: genetics; Time;Phylogenetics;Thesis
                 References/01\_Intro;Unsorted/duplicates;Fungi"
}

@ARTICLE{Doolittle1996,
  title       = "Determining divergence times of the major kingdoms of living
                 organisms with a protein clock",
  author      = "Doolittle, R F and Feng, D F and Tsang, S and Cho, G and
                 Little, E",
  affiliation = "Center for Molecular Genetics University of California, San
                 Diego, La Jolla 92093-0634, USA.",
  journal     = "Science",
  volume      =  271,
  number      =  5248,
  pages       = "470--477",
  month       =  "26~" # jan,
  year        =  1996,
  keywords    = "Thesis References/01\_Intro"
}

@ARTICLE{Berbee1993,
  title    = "Dating the evolutionary radiations of the true fungi",
  author   = "Berbee, Mary L and Taylor, John W",
  journal  = "Can. J. Bot.",
  volume   =  71,
  number   =  8,
  pages    = "1114--1127",
  year     =  1993,
  keywords = "Thesis References/01\_Intro"
}

@ARTICLE{Canter1967,
  title     = "Studies on British chytrids: {XXVI}. A critical examination of
               Zygorhizidium melosirae Canter and Z. planktonicum Canter",
  author    = "Canter, Hilda M",
  journal   = "Journal of the Linnean Society of London, Botany",
  publisher = "Blackwell Publishing Ltd",
  volume    =  60,
  number    =  381,
  pages     = "85--97",
  month     =  "1~" # feb,
  year      =  1967,
  keywords  = "Thesis References/01\_Intro"
}

@ARTICLE{Jones2011,
  title       = "Validation and justification of the phylum name Cryptomycota
                 phyl. nov",
  author      = "Jones, Meredith D M and Richards, Thomas A and Hawksworth,
                 David L and Bass, David",
  affiliation = "School of Biosciences, University of Exeter, Exeter EX4 4QD,
                 UK;",
  journal     = "IMA Fungus",
  volume      =  2,
  number      =  2,
  pages       = "173--175",
  month       =  dec,
  year        =  2011,
  keywords    = "Fungi; Rozella; Rozellida; chitin; chytrid; phylogeny;Thesis
                 References/01\_Intro"
}

@ARTICLE{Ribichich2005,
  title       = "Gene discovery and expression profile analysis through
                 sequencing of expressed sequence tags from different
                 developmental stages of the chytridiomycete Blastocladiella
                 emersonii",
  author      = "Ribichich, Karina F and Salem-Izacc, Silvia M and Georg,
                 Raphaela C and V\^{e}ncio, Ricardo Z N and Navarro, Luci D and
                 Gomes, Suely L",
  affiliation = "Departamento de Bioqu\'{\i}mica, Instituto de Qu\'{\i}mica,
                 Universidade de S\~{a}o Paulo, Av. Prof. Lineu Prestes 748,
                 05508-000, S\~{a}o Paulo, SP, Brazil.",
  journal     = "Eukaryot. Cell",
  volume      =  4,
  number      =  2,
  pages       = "455--464",
  month       =  feb,
  year        =  2005,
  keywords    = "Thesis References/01\_Intro"
}

@ARTICLE{Barr1981,
  title    = "The phylogenetic and taxonomic implications of flagellar rootlet
              morphology among zoosporic fungi",
  author   = "Barr, D J",
  journal  = "Biosystems.",
  volume   =  14,
  number   = "3-4",
  pages    = "359--370",
  year     =  1981,
  keywords = "Thesis References/01\_Intro"
}

@ARTICLE{Berbee2010,
  title    = "Dating the molecular clock in fungi -- how close are we?",
  author   = "Berbee, Mary L and Taylor, John W",
  journal  = "Fungal Biol. Rev.",
  volume   =  24,
  number   = "1--2",
  pages    = "1--16",
  month    =  feb,
  year     =  2010,
  keywords = "Evolution; Fossil calibration; Fungi; Molecular clock; Phylogeny;
              Phylogeography; Rate variation;Phylogenetics;Thesis
              References/01\_Intro"
}

@ARTICLE{Vicente2003,
  title       = "Microbial natural products as a source of antifungals",
  author      = "Vicente, M F and Basilio, A and Cabello, A and Pel\'{a}ez, F",
  affiliation = "Centro de Investigac\'{\i}on B\'{a}sica, Merck Research
                 Laboratories, Merck, Sharp and Dohme Espa\~{n}a, S. A. Josefa
                 Valc\'{a}rcel 38, 28027 Madrid, Spain.
                 Francisca\_vicente@merck.com",
  journal     = "Clin. Microbiol. Infect.",
  volume      =  9,
  number      =  1,
  pages       = "15--32",
  month       =  jan,
  year        =  2003,
  keywords    = "Inhibition;Thesis References/01\_Intro"
}

@ARTICLE{Joneson2011,
  title     = "Genomic Transition to Pathogenicity in Chytrid Fungi",
  author    = "Joneson, Suzanne and Stajich, Jason E and Shiu, Shin-Han and
               Rosenblum, Erica Bree",
  editor    = "Cowen, Leah E",
  journal   = "PLoS Pathog.",
  publisher = "Public Library of Science",
  volume    =  7,
  number    =  11,
  pages     = "e1002338",
  month     =  nov,
  year      =  2011,
  keywords  = "Biology; Comparative genomics; Emerging infectious diseases;
               Evolutionary Biology; Fungi; Genetics and Genomics; Genome
               sequencing; Genomics; Microbiology; Mycology; Research
               Article;Fungi;Fungi/Chytrids;Jason;Fungi/Chytrids/Hp;REU Review
               papers;Inhibition;Ahrendt Inhibition Paper;Thesis
               References/03\_Inhibition;Thesis References/01\_Intro"
}

@ARTICLE{White2006,
  title    = "Phylogeny of the Zygomycota based on nuclear ribosomal sequence
              data",
  author   = "White, Merlin M and James, Timothy Y and O'Donnell, Kerry and
              Cafaro, Mat\'{\i}as J and Tanabe, Yuuhiko and Sugiyama, Junta and
              Carolina, North and Donnell, Kerry O",
  journal  = "Mycologia",
  volume   =  98,
  number   =  6,
  pages    = "872--884",
  year     =  2006,
  keywords = "18S; 18S: genetics; 28S; 28S: genetics; 5.8S; 5.8S: genetics;
              asellariales; basal lineages; chytridio-; DNA; Ecology; Electron;
              Fungal; Fungal: genetics; fungi; Fungi: classification; Fungi:
              cytology; Fungi: genetics; Fungi: ultrastructure; Microscopy;
              molecular systematics; mycota; Nucleic Acid; opisthokont;
              Phylogeny; Ribosomal; Ribosomal: genetics; RNA; Scanning;
              Sequence Homology;Fungi;Thesis References/01\_Intro"
}

@ARTICLE{Hibbett2007,
  title    = "A higher-level phylogenetic classification of the Fungi",
  author   = "Hibbett, David S and Binder, Manfred and Bischoff, Joseph F and
              Blackwell, Meredith and Cannon, Paul F and Eriksson, Ove E and
              Huhndorf, Sabine and James, Timothy Y and Kirk, Paul M and
              L{\"{u}}cking, Robert and Lumbsch, H Thorsten and Lutzoni,
              Fran\c{c}ois and Matheny, P Brandon and McLaughlin, David J and
              Powell, Martha J and Redhead, Scott and Schoch, Conrad L and
              Spatafora, Joseph W and Stalpers, Joost A and Vilgalys, Rytas and
              Aime, M Catherine and Aptroot, Andr\'{e} and Bauer, Robert and
              Begerow, Dominik and Benny, Gerald L and Castlebury, Lisa A and
              Crous, Pedro W and Dai, Yu-Cheng and Gams, Walter and Geiser,
              David M and Griffith, Gareth W and Gueidan, C\'{e}cile and
              Hawksworth, David L and Hestmark, Geir and Hosaka, Kentaro and
              Humber, Richard A and Hyde, Kevin D and Ironside, Joseph E and
              K\~{o}ljalg, Urmas and Kurtzman, Cletus P and Larsson,
              Karl-Henrik and Lichtwardt, Robert and Longcore, Joyce E and
              Mi\k{a}dlikowska, Jolanta and Miller, Andrew and Moncalvo,
              Jean-Marc and Mozley-Standridge, Sharon E and Oberwinkler, Franz
              and Parmasto, Erast and Reeb, Val\'{e}rie and Rogers, Jack D and
              Roux, Claude and Ryvarden, Leif and Sampaio, Jos\'{e} Paulo and
              Sch{\"{u}}\ss{}ler, Arthur and Sugiyama, Junta and Thorn, R Greg
              and Tibell, Leif and Untereiner, Wendy A and Walker, Christopher
              and Wang, Zheng and Weir, Alex and Weiss, Michael and White,
              Merlin M and Winka, Katarina and Yao, Yi-Jian and Zhang, Ning",
  journal  = "Mycol. Res.",
  volume   =  111,
  number   = "Pt 5",
  pages    = "509--547",
  month    =  may,
  year     =  2007,
  keywords = "AFTOL; Eumycota; Lichens; Molecular phylogenetics; Mycota;
              Neocallimastigomycota; Nomenclature;
              Systematics;Fungi;Fungi/Chytrids;Jason;Thesis
              References/01\_Intro"
}

@ARTICLE{Stajich2009,
  title    = "The fungi",
  author   = "Stajich, Jason E and Berbee, Mary L and Blackwell, Meredith and
              Hibbett, David S and James, Timothy Y and Spatafora, Joseph W and
              Taylor, John W",
  journal  = "Curr. Biol.",
  volume   =  19,
  number   =  18,
  pages    = "R840--5",
  month    =  sep,
  year     =  2009,
  keywords = "Fungal; Fungi; Fungi: cytology; Fungi: genetics; Fungi:
              physiology; Genome; Haploidy; Phylogeny; Species
              Specificity;Fungi;Jason;REU Review papers;Thesis
              References/01\_Intro;Thesis References"
}

@ARTICLE{Longcore1999,
  title    = "Batrachochytrium dendrobatidis gen. et sp. nov., a chytrid
              pathogenic to amphibians",
  author   = "Longcore, Joyce E and Pessier, Allan P and Nichols, Donald K",
  journal  = "Mycologia",
  volume   =  91,
  number   =  2,
  pages    = "219--227",
  year     =  1999,
  keywords = "Chytridiales; chytridiomycosis; Chytridiomycota; frogs; fungus;
              ultrastructure;
              zoospore;Fungi/Chytrids;Fungi;Fungi/Chytrids/Bd;Thesis
              References;Ahrendt Inhibition Paper;Thesis References/01\_Intro"
}

