% Generated by Paperpile. Check out http://paperpile.com for more information.
% BibTeX export options can be customized via Settings -> BibTeX.

@ARTICLE{Wang1999,
  title       = "Divergence time estimates for the early history of animal
                 phyla and the origin of plants, animals and fungi",
  author      = "Wang, D Y and Kumar, S and Hedges, S B",
  affiliation = "Department of Biology, Pennsylvania State University,
                 University Park 16802, USA.",
  journal     = "Proc. Biol. Sci.",
  volume      =  266,
  number      =  1415,
  pages       = "163--171",
  month       =  "22~" # jan,
  year        =  1999,
  keywords    = "Thesis References/01\_Intro;Thesis References"
}

@ARTICLE{Borkovich2004,
  title       = "Lessons from the genome sequence of Neurospora crassa: tracing
                 the path from genomic blueprint to multicellular organism",
  author      = "Borkovich, Katherine A and Alex, Lisa A and Yarden, Oded and
                 Freitag, Michael and Turner, Gloria E and Read, Nick D and
                 Seiler, Stephan and Bell-Pedersen, Deborah and Paietta, John
                 and Plesofsky, Nora and Plamann, Michael and
                 Goodrich-Tanrikulu, Marta and Schulte, Ulrich and Mannhaupt,
                 Gertrud and Nargang, Frank E and Radford, Alan and
                 Selitrennikoff, Claude and Galagan, James E and Dunlap, Jay C
                 and Loros, Jennifer J and Catcheside, David and Inoue,
                 Hirokazu and Aramayo, Rodolfo and Polymenis, Michael and
                 Selker, Eric U and Sachs, Matthew S and Marzluf, George A and
                 Paulsen, Ian and Davis, Rowland and Ebbole, Daniel J and
                 Zelter, Alex and Kalkman, Eric R and O'Rourke, Rebecca and
                 Bowring, Frederick and Yeadon, Jane and Ishii, Chizu and
                 Suzuki, Keiichiro and Sakai, Wataru and Pratt, Robert",
  affiliation = "Department of Plant Pathology, University of California,
                 Riverside, California 92521, USA. Katherine/Borkovich@ucr.edu",
  journal     = "Microbiol. Mol. Biol. Rev.",
  volume      =  68,
  number      =  1,
  pages       = "1--108",
  month       =  mar,
  year        =  2004,
  keywords    = "Ahrendt Coelomomyces Paper;Thesis References/04\_Coelomomyces"
}

@ARTICLE{Taylor2006,
  title       = "Dating divergences in the Fungal Tree of Life: review and new
                 analyses",
  author      = "Taylor, John W and Berbee, Mary L",
  affiliation = "Department of Plant and Microbial Biology, University of
                 California, Berkeley 94720-3102, USA.
                 jtaylor@nature.berkeley.edu",
  journal     = "Mycologia",
  volume      =  98,
  number      =  6,
  pages       = "838--849",
  month       =  nov,
  year        =  2006,
  keywords    = "Animals; Birds; Birds: genetics; dating divergences;
                 Evolution; fossil fungi; Fungi; Fungi: classification; Fungi:
                 genetics; Mammals; Mammals: genetics; Molecular; Phylogeny;
                 Plants; Plants: genetics; Time;Phylogenetics;Thesis
                 References/01\_Intro;Unsorted/duplicates;Fungi;Thesis
                 References"
}

@ARTICLE{Doolittle1996,
  title       = "Determining divergence times of the major kingdoms of living
                 organisms with a protein clock",
  author      = "Doolittle, R F and Feng, D F and Tsang, S and Cho, G and
                 Little, E",
  affiliation = "Center for Molecular Genetics University of California, San
                 Diego, La Jolla 92093-0634, USA.",
  journal     = "Science",
  volume      =  271,
  number      =  5248,
  pages       = "470--477",
  month       =  "26~" # jan,
  year        =  1996,
  keywords    = "Thesis References/01\_Intro;Thesis References"
}

@ARTICLE{Berbee1993,
  title    = "Dating the evolutionary radiations of the true fungi",
  author   = "Berbee, Mary L and Taylor, John W",
  journal  = "Can. J. Bot.",
  volume   =  71,
  number   =  8,
  pages    = "1114--1127",
  year     =  1993,
  keywords = "Thesis References/01\_Intro;Thesis References"
}

@ARTICLE{Canter1967,
  title     = "Studies on British chytrids: {XXVI}. A critical examination of
               Zygorhizidium melosirae Canter and Z. planktonicum Canter",
  author    = "Canter, Hilda M",
  journal   = "Journal of the Linnean Society of London, Botany",
  publisher = "Blackwell Publishing Ltd",
  volume    =  60,
  number    =  381,
  pages     = "85--97",
  month     =  "1~" # feb,
  year      =  1967,
  keywords  = "Thesis References/01\_Intro;Thesis References"
}

@ARTICLE{Jones2011,
  title       = "Validation and justification of the phylum name Cryptomycota
                 phyl. nov",
  author      = "Jones, Meredith D M and Richards, Thomas A and Hawksworth,
                 David L and Bass, David",
  affiliation = "School of Biosciences, University of Exeter, Exeter EX4 4QD,
                 UK;",
  journal     = "IMA Fungus",
  volume      =  2,
  number      =  2,
  pages       = "173--175",
  month       =  dec,
  year        =  2011,
  keywords    = "Fungi; Rozella; Rozellida; chitin; chytrid; phylogeny;Thesis
                 References/01\_Intro;Thesis References"
}

@ARTICLE{Ribichich2005,
  title       = "Gene discovery and expression profile analysis through
                 sequencing of expressed sequence tags from different
                 developmental stages of the chytridiomycete Blastocladiella
                 emersonii",
  author      = "Ribichich, Karina F and Salem-Izacc, Silvia M and Georg,
                 Raphaela C and V\^{e}ncio, Ricardo Z N and Navarro, Luci D and
                 Gomes, Suely L",
  affiliation = "Departamento de Bioqu\'{\i}mica, Instituto de Qu\'{\i}mica,
                 Universidade de S\~{a}o Paulo, Av. Prof. Lineu Prestes 748,
                 05508-000, S\~{a}o Paulo, SP, Brazil.",
  journal     = "Eukaryot. Cell",
  volume      =  4,
  number      =  2,
  pages       = "455--464",
  month       =  feb,
  year        =  2005,
  keywords    = "Thesis References/01\_Intro;Thesis References"
}

@ARTICLE{Barr1981,
  title    = "The phylogenetic and taxonomic implications of flagellar rootlet
              morphology among zoosporic fungi",
  author   = "Barr, D J",
  journal  = "Biosystems.",
  volume   =  14,
  number   = "3-4",
  pages    = "359--370",
  year     =  1981,
  keywords = "Thesis References/01\_Intro;Thesis References"
}

% The entry below contains non-ASCII chars that could not be converted
% to a LaTeX equivalent.
@ARTICLE{Beitz2000,
  title    = "{TEXtopo}: shaded membrane protein topology plots in {LaTEX2É›}",
  author   = "Beitz, Eric",
  journal  = "Bioinformatics",
  volume   =  16,
  number   =  11,
  pages    = "1050--1051",
  year     =  2000,
  keywords = "Thesis References/02\_Rhodopsin"
}

@ARTICLE{Alexander1997,
  title       = "Antifungal resistance trends towards the year 2000.
                 Implications for therapy and new approaches",
  author      = "Alexander, B D and Perfect, J R",
  affiliation = "Division of Infectious Diseases, Duke University Medical
                 Center, Durham, North Carolina, USA.",
  journal     = "Drugs",
  volume      =  54,
  number      =  5,
  pages       = "657--678",
  month       =  nov,
  year        =  1997,
  keywords    = "Ahrendt Inhibition Paper;Thesis References/03\_Inhibition"
}

@ARTICLE{Kontoyiannis2002,
  title       = "Antifungal drug resistance of pathogenic fungi",
  author      = "Kontoyiannis, Dimitrios P and Lewis, Russell E",
  affiliation = "Department of Infectious Diseases, Infection Control and
                 Employee Health, University of Texas M D Anderson Cancer
                 Center, Houston, TX 77030, USA. dkontoyi@mdanderson.org",
  journal     = "Lancet",
  volume      =  359,
  number      =  9312,
  pages       = "1135--1144",
  month       =  "30~" # mar,
  year        =  2002,
  keywords    = "Ahrendt Inhibition Paper;Inhibition;Interesting papers;Thesis
                 References/03\_Inhibition"
}

@ARTICLE{Bossche1998,
  title       = "Antifungal drug resistance in pathogenic fungi",
  author      = "Vanden Bossche, H and Dromer, F and Improvisi, I and
                 Lozano-Chiu, M and Rex, J H and Sanglard, D",
  affiliation = "Janssen Research Foundation, Beerse, Belgium.
                 hvbossch@janbe.jnj.com",
  journal     = "Med. Mycol.",
  volume      = "36 Suppl 1",
  pages       = "119--128",
  year        =  1998,
  keywords    = "Ahrendt Inhibition Paper;Inhibition;Thesis
                 References/03\_Inhibition"
}

@ARTICLE{Howlett2006,
  title       = "Secondary metabolite toxins and nutrition of plant pathogenic
                 fungi",
  author      = "Howlett, Barbara J",
  affiliation = "School of Botany, The University of Melbourne, 3010 Victoria,
                 Australia. bhowlett@unimelb.edu.au",
  journal     = "Curr. Opin. Plant Biol.",
  volume      =  9,
  number      =  4,
  pages       = "371--375",
  month       =  aug,
  year        =  2006,
  keywords    = "Ahrendt Inhibition Paper;Inhibition;Interesting papers;Thesis
                 References/03\_Inhibition"
}

@ARTICLE{Wiemann2014,
  title       = "Strategies for mining fungal natural products",
  author      = "Wiemann, Philipp and Keller, Nancy P",
  affiliation = "Department of Medical Microbiology and Immunology, University
                 of Wisconsin-Madison, 3476 Microbial Sciences Building, 1550
                 Linden Drive, Madison, WI, 53706, USA.",
  journal     = "J. Ind. Microbiol. Biotechnol.",
  volume      =  41,
  number      =  2,
  pages       = "301--313",
  month       =  feb,
  year        =  2014,
  keywords    = "Ahrendt Inhibition Paper;Inhibition;Thesis
                 References/03\_Inhibition"
}

@ARTICLE{Kokkonen2010,
  title       = "Mycotoxin production of selected Fusarium species at different
                 culture conditions",
  author      = "Kokkonen, Meri and Ojala, Laura and Parikka, P{\"{a}}ivi and
                 Jestoi, Marika",
  affiliation = "Finnish Food Safety Authority (Evira), Chemistry and
                 Toxicology Unit, Mustialankatu 3, FI-00790, Helsinki, Finland.
                 meri.kokkonen@evira.fi",
  journal     = "Int. J. Food Microbiol.",
  volume      =  143,
  number      = "1-2",
  pages       = "17--25",
  month       =  "30~" # sep,
  year        =  2010,
  keywords    = "Ahrendt Inhibition Paper;Inhibition;Thesis
                 References/03\_Inhibition"
}

@ARTICLE{Berbee2010,
  title    = "Dating the molecular clock in fungi -- how close are we?",
  author   = "Berbee, Mary L and Taylor, John W",
  journal  = "Fungal Biol. Rev.",
  volume   =  24,
  number   = "1--2",
  pages    = "1--16",
  month    =  feb,
  year     =  2010,
  keywords = "Evolution; Fossil calibration; Fungi; Molecular clock; Phylogeny;
              Phylogeography; Rate variation;Phylogenetics;Thesis
              References/01\_Intro;Thesis References"
}

@ARTICLE{Vicente2003,
  title       = "Microbial natural products as a source of antifungals",
  author      = "Vicente, M F and Basilio, A and Cabello, A and Pel\'{a}ez, F",
  affiliation = "Centro de Investigac\'{\i}on B\'{a}sica, Merck Research
                 Laboratories, Merck, Sharp and Dohme Espa\~{n}a, S. A. Josefa
                 Valc\'{a}rcel 38, 28027 Madrid, Spain.
                 Francisca\_vicente@merck.com",
  journal     = "Clin. Microbiol. Infect.",
  volume      =  9,
  number      =  1,
  pages       = "15--32",
  month       =  jan,
  year        =  2003,
  keywords    = "Inhibition;Thesis References/01\_Intro;Thesis References"
}

@ARTICLE{Federici1979,
  title     = "{Beta-Carotene} in the Gametophytic Phase of
               \textit{Coelomomyces dodgei}",
  author    = "Federici, B A and Thompson, S N",
  journal   = "Experimental Mycology",
  publisher = "Elsevier",
  volume    =  3,
  number    =  3,
  pages     = "281--284",
  month     =  sep,
  year      =  1979,
  keywords  = "Fungi/Chytrids/Coelomomyces;Ahrendt Coelomomyces Paper;Thesis
               References/04\_Coelomomyces"
}

@ARTICLE{Federici1982,
  title     = "Inviability of Interspecific Hybrids in the \textit{Coelomomyces
               dodgei} Complex",
  author    = "Federici, Brian A",
  journal   = "Mycologia",
  publisher = "Mycological Society of America",
  volume    =  74,
  number    =  4,
  pages     = "555--562",
  month     =  "1~" # jul,
  year      =  1982,
  keywords  = "Fungi/Chytrids/Coelomomyces;Ahrendt Coelomomyces Paper;Thesis
               References/04\_Coelomomyces"
}

@ARTICLE{Whisler1983,
  title     = "Meiosis in \textit{Coelomomyces}",
  author    = "Whisler, H C and Wilson, C M and Travland, L B and Olson, L W
               and {others}",
  journal   = "Experimental",
  publisher = "Elsevier",
  year      =  1983,
  keywords  = "Fungi/Chytrids/Coelomomyces;Ahrendt Coelomomyces Paper;Thesis
               References/04\_Coelomomyces"
}

@ARTICLE{Apperson1992,
  title     = "Evidence for the copepods \textit{Acanthocyclops robustus} and
               \textit{Mesocyclops edax} as competent intermediate hosts for
               \textit{Coelomomyces punctatus} during an epizootic in a larval
               population of the mosquito \textit{Anopheles quadrimaculatus}",
  author    = "Apperson, Charles S and Federici, Brian A and Stewart, William
               and Tarve, Fred R",
  journal   = "J. Invertebr. Pathol.",
  publisher = "Elsevier",
  year      =  1992,
  keywords  = "Fungi/Chytrids/Coelomomyces;Ahrendt Coelomomyces Paper;Thesis
               References/04\_Coelomomyces"
}

@ARTICLE{Federici1977,
  title     = "Differential pigmentation in the sexual phase of Coelomomyces",
  author    = "Federici, Brian A",
  publisher = "Nature Publishing Group",
  volume    =  267,
  number    =  5611,
  pages     = "514--515",
  month     =  "9~" # jun,
  year      =  1977,
  keywords  = "Fungi/Chytrids/Coelomomyces;Ahrendt Coelomomyces Paper;Thesis
               References/04\_Coelomomyces"
}

@ARTICLE{Lucarotti1992,
  title     = "Invasion of Aedes aegypti ovaries by \textit{Coelomomyces
               stegomyiae}",
  author    = "Lucarotti, C J",
  journal   = "J. Invertebr. Pathol.",
  publisher = "Elsevier",
  volume    =  60,
  number    =  2,
  pages     = "176--184",
  month     =  sep,
  year      =  1992,
  keywords  = "Aedes aegypti; Coelomomyces stegomyiae; 20-hydroxyecdysone;
               mosquito; tracheole;
               vitellogenin;Fungi/Chytrids/Coelomomyces;Ahrendt Coelomomyces
               Paper;Thesis References/04\_Coelomomyces"
}

@ARTICLE{Fillinger2006,
  title       = "Suppression of exposure to malaria vectors by an order of
                 magnitude using microbial larvicides in rural Kenya",
  author      = "Fillinger, Ulrike and Lindsay, Steven W",
  affiliation = "School of Biological and Biomedical Sciences, Durham
                 University, Durham, UK. ulrike.fillinger@durham.ac.uk",
  journal     = "Trop. Med. Int. Health",
  volume      =  11,
  number      =  11,
  pages       = "1629--1642",
  month       =  nov,
  year        =  2006,
  keywords    = "Fungi/Chytrids/Coelomomyces;Ahrendt Coelomomyces Paper;Thesis
                 References/04\_Coelomomyces"
}

@ARTICLE{Moreira2009,
  title       = "A Wolbachia symbiont in Aedes aegypti limits infection with
                 dengue, Chikungunya, and Plasmodium",
  author      = "Moreira, Luciano A and Iturbe-Ormaetxe, I\~{n}aki and Jeffery,
                 Jason A and Lu, Guangjin and Pyke, Alyssa T and Hedges, Lauren
                 M and Rocha, Bruno C and Hall-Mendelin, Sonja and Day, Andrew
                 and Riegler, Markus and Hugo, Leon E and Johnson, Karyn N and
                 Kay, Brian H and McGraw, Elizabeth A and van den Hurk, Andrew
                 F and Ryan, Peter A and O'Neill, Scott L",
  affiliation = "School of Biological Sciences, The University of Queensland,
                 Brisbane QLD 4072, Australia.",
  journal     = "Cell",
  volume      =  139,
  number      =  7,
  pages       = "1268--1278",
  month       =  "24~" # dec,
  year        =  2009,
  keywords    = "Fungi/Chytrids/Coelomomyces;Ahrendt Coelomomyces Paper;Thesis
                 References/04\_Coelomomyces"
}

@ARTICLE{Pfaller2012,
  title       = "Antifungal drug resistance: mechanisms, epidemiology, and
                 consequences for treatment",
  author      = "Pfaller, Michael A",
  affiliation = "Medical Microbiology Division, Department of Pathology,
                 University of Iowa College of Medicine, Iowa City, Iowa 52242,
                 USA. michael-pfaller@uiowa.edu",
  journal     = "Am. J. Med.",
  volume      =  125,
  number      = "1 Suppl",
  pages       = "S3--13",
  month       =  jan,
  year        =  2012,
  keywords    = "Inhibition;Ahrendt Inhibition Paper;Thesis
                 References/03\_Inhibition"
}

@ARTICLE{Lavermicocca_undated-ba,
  title    = "Purification and Characterization of Novel Antifungal Compounds
              from the Sourdough Lactobacillus plantarum Strain {21B}",
  author   = "Lavermicocca, Paola and Valerio, Francesca and Evidente, Antonio
              and Lazzaroni, Silvia and Corsetti, Aldo and Gobbetti, Marco",
  keywords = "Inhibition;Ahrendt Inhibition Paper;Thesis
              References/03\_Inhibition"
}

@ARTICLE{Tebbets2012,
  title    = "Identification and Characterization of Antifungal Compounds Using
              a Saccharomyces cerevisiae Reporter Bioassay",
  author   = "Tebbets, Brad and Stewart, Douglas and Lawry, Stephanie and Nett,
              Jeniel and Nantel, Andre and Andes, David and Klein, Bruce S",
  journal  = "PLoS One",
  volume   =  7,
  number   =  5,
  pages    = "e36021",
  year     =  2012,
  keywords = "Inhibition;Ahrendt Inhibition Paper;Thesis
              References/03\_Inhibition"
}

@ARTICLE{Ficker2003,
  title    = "Bioassay-guided Isolation and Identification of Antifungal
              Compounds from Ginger",
  author   = "Ficker, C and Smith, M L and Akpagana, K and Gbeassor, M and
              Zhang, J and Durst, T and Assabgui, R and Arnason, J T",
  journal  = "Phytother. Res.",
  volume   =  17,
  pages    = "897--902",
  year     =  2003,
  keywords = "Inhibition;Ahrendt Inhibition Paper;Thesis
              References/03\_Inhibition"
}

@ARTICLE{Breger2007,
  title    = "Antifungal Chemical Compounds Identified Using a C. elegans
              Pathogenicity Assay",
  author   = "Breger, Julia and Fuchs, Beth Burgwyn and Aperis, George and Moy,
              Terence I and Ausubel, Frederick M and Mylonakis, Eleftherios",
  journal  = "PLoS Pathog.",
  volume   =  3,
  number   =  2,
  pages    = "e18",
  year     =  2007,
  keywords = "Inhibition;Ahrendt Inhibition Paper;Thesis
              References/03\_Inhibition"
}

@ARTICLE{Fujimura2000,
  title     = "Fungicide Resistance and Osmotic Stress Sensitivity in os
               Mutants of Neurospora crassa",
  author    = "Fujimura, M and Ochiai, N and Ichiishi, A and Usami, R and
               {others}",
  journal   = "Pestic. Biochem. Physiol.",
  publisher = "Elsevier",
  year      =  2000,
  keywords  = "Inhibition;Ahrendt Inhibition Paper;Thesis
               References/03\_Inhibition"
}

@ARTICLE{Ghannoum1999,
  title    = "Antifungal Agents: Mode of Action, Mechanisms of Resistance, and
              Correlation of These Mechanisms with Bacterial Resistance",
  author   = "Ghannoum, Mahmoud A and Rice, Louis B",
  journal  = "Clin. Microbiol. Rev.",
  volume   =  12,
  number   =  4,
  pages    = "501--517",
  month    =  "1~" # oct,
  year     =  1999,
  keywords = "Inhibition;Ahrendt Inhibition Paper;Thesis
              References/03\_Inhibition"
}

@ARTICLE{Avelar2014,
  title       = "A {Rhodopsin-Guanylyl} Cyclase Gene Fusion Functions in Visual
                 Perception in a Fungus",
  author      = "Avelar, Gabriela M and Schumacher, Robert I and Zaini, Paulo A
                 and Leonard, Guy and Richards, Thomas A and Gomes, Suely L",
  affiliation = "Departamento de Bioqu\'{\i}mica, Instituto de Qu\'{\i}mica,
                 Universidade de S\~{a}o Paulo, S\~{a}o Paulo 05508-000,
                 Brazil.Departamento de Bioqu\'{\i}mica, Instituto de
                 Qu\'{\i}mica, Universidade de S\~{a}o Paulo, S\~{a}o Paulo
                 05508-000, Brazil.Departamento de Bioqu\'{\i}mica, Instituto
                 de Qu\'{\i}mica, Universidade de S\~{a}o Paulo, S\~{a}o Paulo
                 05508-000, Brazil.Biosciences, University of Exeter, Geoffrey
                 Pope Building, Stocker Road, Exeter EX4 4QD, UK.Biosciences,
                 University of Exeter, Geoffrey Pope Building, Stocker Road,
                 Exeter EX4 4QD, UK. Electronic address:
                 t.a.richards@exeter.ac.uk.Departamento de Bioqu\'{\i}mica,
                 Instituto de Qu\'{\i}mica, Universidade de S\~{a}o Paulo,
                 S\~{a}o Paulo 05508-000, Brazil. Electronic address:
                 sulgomes@iq.usp.br.",
  journal     = "Curr. Biol.",
  number      =  0,
  month       =  "14~" # may,
  year        =  2014,
  keywords    = "Environment Sensing;Environment Sensing/Light
                 Sensing;Environment Sensing/Light
                 Sensing/Rhodopsin;Fungi;Fungi/Chytrids;Ahrendt Coelomomyces
                 Paper;Interesting papers;Thesis
                 References/02\_Rhodopsin;Thesis References/04\_Coelomomyces"
}

@ARTICLE{Revuelta1983,
  title     = "A new gene (carC) involved in the regulation of carotenogenesis
               in Phycomyces",
  author    = "Revuelta, J L and Eslava, A P",
  journal   = "Mol. Gen. Genet.",
  publisher = "Springer-Verlag",
  volume    =  192,
  number    = "1-2",
  pages     = "225--229",
  month     =  "1~" # oct,
  year      =  1983,
  keywords  = "Carotenogenesis;Fungi;Ahrendt Coelomomyces Paper;Thesis
               References/04\_Coelomomyces"
}

@ARTICLE{Roncero1982,
  title     = "Genetics of carotene biosynthesis in Phycomyces",
  author    = "Roncero, M I G and Cerd\'{a}-Olmedo, E",
  journal   = "Curr. Genet.",
  publisher = "Springer-Verlag",
  volume    =  5,
  number    =  1,
  pages     = "5--8",
  month     =  "1~" # may,
  year      =  1982,
  keywords  = "Carotenogenesis;Fungi;Ahrendt Coelomomyces Paper;Thesis
               References/04\_Coelomomyces"
}

@ARTICLE{Salgado1991,
  title    = "Correlation between in vivo and in vitro carotenogenesis in
              Phycomyces",
  author   = "Salgado, Luis M and Avalos, Javier and Bejarano, Eduardo R and
              Cerd\'{a}-Olmedo, Enrique",
  journal  = "Phytochemistry",
  volume   =  30,
  number   =  8,
  pages    = "2587--2591",
  year     =  1991,
  keywords = "Phycomyces blakesleeanus; Mucorales; carotenes; mutants; retinol;
              dimethyl phthalate; light; sex.;Carotenogenesis;Fungi;Ahrendt
              Coelomomyces Paper;Thesis References/04\_Coelomomyces"
}

@ARTICLE{Murillo1976,
  title     = "Regulation of carotene synthesis in Phycomyces",
  author    = "Murillo, Francisco J and Cerd\'{a}-Olmedo, E",
  journal   = "Mol. Gen. Genet.",
  publisher = "Springer-Verlag",
  volume    =  148,
  number    =  1,
  pages     = "19--24",
  month     =  "1~" # jan,
  year      =  1976,
  keywords  = "Carotenogenesis;Fungi;Ahrendt Coelomomyces Paper;Thesis
               References/04\_Coelomomyces"
}

@ARTICLE{Almeida2008,
  title       = "Gene expression in the regulation of carotene biosynthesis in
                 Phycomyces",
  author      = "Almeida, Eduardo R A and Cerd\'{a}-Olmedo, Enrique",
  affiliation = "Departamento de Gen\'{e}tica, Facultad de Biolog\'{\i}a,
                 Universidad de Sevilla, Apartado 1095, 41080, Seville, Spain.",
  journal     = "Curr. Genet.",
  volume      =  53,
  number      =  3,
  pages       = "129--137",
  month       =  "9~" # jan,
  year        =  2008,
  keywords    = "Carotenogenesis;Fungi;Ahrendt Coelomomyces Paper;Thesis
                 References/04\_Coelomomyces"
}

@ARTICLE{Cerda-Olmedo2001,
  title     = "Phycomyces and the biology of light and color",
  author    = "Cerd\'{a}-Olmedo, Enrique",
  journal   = "FEMS Microbiol. Rev.",
  publisher = "Blackwell Publishing Ltd",
  volume    =  25,
  number    =  5,
  pages     = "503--512",
  year      =  2001,
  keywords  = "Photobiology, Sensory transduction, Behavourial genetics,
               Phycomyces blakesleeanus;Carotenogenesis;Fungi;Environment
               Sensing/Light Sensing;Environment Sensing;Ahrendt Coelomomyces
               Paper;Thesis References/04\_Coelomomyces"
}

@ARTICLE{Joneson2011,
  title     = "Genomic Transition to Pathogenicity in Chytrid Fungi",
  author    = "Joneson, Suzanne and Stajich, Jason E and Shiu, Shin-Han and
               Rosenblum, Erica Bree",
  editor    = "Cowen, Leah E",
  journal   = "PLoS Pathog.",
  publisher = "Public Library of Science",
  volume    =  7,
  number    =  11,
  pages     = "e1002338",
  month     =  nov,
  year      =  2011,
  keywords  = "Biology; Comparative genomics; Emerging infectious diseases;
               Evolutionary Biology; Fungi; Genetics and Genomics; Genome
               sequencing; Genomics; Microbiology; Mycology; Research
               Article;Fungi;Fungi/Chytrids;Jason;Fungi/Chytrids/Hp;REU Review
               papers;Inhibition;Ahrendt Inhibition Paper;Thesis
               References/03\_Inhibition;Thesis References/01\_Intro;Thesis
               References"
}

@ARTICLE{White2006,
  title    = "Phylogeny of the Zygomycota based on nuclear ribosomal sequence
              data",
  author   = "White, Merlin M and James, Timothy Y and O'Donnell, Kerry and
              Cafaro, Mat\'{\i}as J and Tanabe, Yuuhiko and Sugiyama, Junta and
              Carolina, North and Donnell, Kerry O",
  journal  = "Mycologia",
  volume   =  98,
  number   =  6,
  pages    = "872--884",
  year     =  2006,
  keywords = "18S; 18S: genetics; 28S; 28S: genetics; 5.8S; 5.8S: genetics;
              asellariales; basal lineages; chytridio-; DNA; Ecology; Electron;
              Fungal; Fungal: genetics; fungi; Fungi: classification; Fungi:
              cytology; Fungi: genetics; Fungi: ultrastructure; Microscopy;
              molecular systematics; mycota; Nucleic Acid; opisthokont;
              Phylogeny; Ribosomal; Ribosomal: genetics; RNA; Scanning;
              Sequence Homology;Fungi;Thesis References/01\_Intro;Thesis
              References"
}

@ARTICLE{Hibbett2007,
  title    = "A higher-level phylogenetic classification of the Fungi",
  author   = "Hibbett, David S and Binder, Manfred and Bischoff, Joseph F and
              Blackwell, Meredith and Cannon, Paul F and Eriksson, Ove E and
              Huhndorf, Sabine and James, Timothy Y and Kirk, Paul M and
              L{\"{u}}cking, Robert and Lumbsch, H Thorsten and Lutzoni,
              Fran\c{c}ois and Matheny, P Brandon and McLaughlin, David J and
              Powell, Martha J and Redhead, Scott and Schoch, Conrad L and
              Spatafora, Joseph W and Stalpers, Joost A and Vilgalys, Rytas and
              Aime, M Catherine and Aptroot, Andr\'{e} and Bauer, Robert and
              Begerow, Dominik and Benny, Gerald L and Castlebury, Lisa A and
              Crous, Pedro W and Dai, Yu-Cheng and Gams, Walter and Geiser,
              David M and Griffith, Gareth W and Gueidan, C\'{e}cile and
              Hawksworth, David L and Hestmark, Geir and Hosaka, Kentaro and
              Humber, Richard A and Hyde, Kevin D and Ironside, Joseph E and
              K\~{o}ljalg, Urmas and Kurtzman, Cletus P and Larsson,
              Karl-Henrik and Lichtwardt, Robert and Longcore, Joyce E and
              Mi\k{a}dlikowska, Jolanta and Miller, Andrew and Moncalvo,
              Jean-Marc and Mozley-Standridge, Sharon E and Oberwinkler, Franz
              and Parmasto, Erast and Reeb, Val\'{e}rie and Rogers, Jack D and
              Roux, Claude and Ryvarden, Leif and Sampaio, Jos\'{e} Paulo and
              Sch{\"{u}}\ss{}ler, Arthur and Sugiyama, Junta and Thorn, R Greg
              and Tibell, Leif and Untereiner, Wendy A and Walker, Christopher
              and Wang, Zheng and Weir, Alex and Weiss, Michael and White,
              Merlin M and Winka, Katarina and Yao, Yi-Jian and Zhang, Ning",
  journal  = "Mycol. Res.",
  volume   =  111,
  number   = "Pt 5",
  pages    = "509--547",
  month    =  may,
  year     =  2007,
  keywords = "AFTOL; Eumycota; Lichens; Molecular phylogenetics; Mycota;
              Neocallimastigomycota; Nomenclature;
              Systematics;Fungi;Fungi/Chytrids;Jason;Thesis
              References/01\_Intro;Thesis References"
}

@ARTICLE{Stajich2009,
  title    = "The fungi",
  author   = "Stajich, Jason E and Berbee, Mary L and Blackwell, Meredith and
              Hibbett, David S and James, Timothy Y and Spatafora, Joseph W and
              Taylor, John W",
  journal  = "Curr. Biol.",
  volume   =  19,
  number   =  18,
  pages    = "R840--5",
  month    =  sep,
  year     =  2009,
  keywords = "Fungal; Fungi; Fungi: cytology; Fungi: genetics; Fungi:
              physiology; Genome; Haploidy; Phylogeny; Species
              Specificity;Fungi;Jason;REU Review papers;Thesis
              References/01\_Intro;Thesis References"
}

@ARTICLE{Longcore1999,
  title    = "Batrachochytrium dendrobatidis gen. et sp. nov., a chytrid
              pathogenic to amphibians",
  author   = "Longcore, Joyce E and Pessier, Allan P and Nichols, Donald K",
  journal  = "Mycologia",
  volume   =  91,
  number   =  2,
  pages    = "219--227",
  year     =  1999,
  keywords = "Chytridiales; chytridiomycosis; Chytridiomycota; frogs; fungus;
              ultrastructure;
              zoospore;Fungi/Chytrids;Fungi;Fungi/Chytrids/Bd;Ahrendt
              Inhibition Paper;Thesis References/01\_Intro;Thesis References"
}

