@BOOK{Alexopoulos1996,
  title  = "Introductory Mycology",
  author = "Alexopoulos, C J and Mims, C W and Blackwell, M",
  year   = 1996,
  edition = "Fourth",
  publisher = "John Wiley and Sons, Inc."
}

@BOOK{Fitzpatrick1930,
  title     = "The Lower Fungi - Phycomycetes",
  author    = "Fitzpatrick, H M",
  year      = 1930,
  edition   = "First"
  publisher = "McGraw-Hill Book Company"
}

@BOOK{Karling1977,
  title     = "Chytridiomycetarum Iconographia",
  author    = "Karling, J S",
  year      = 1977,
  publisher = "Lubrect and Cramer"
}
@unpublished{PyMOL,
	Annote = {PyMOL

The PyMOL Molecular Graphics System, Version 1.3, Schr{\"o}dinger, LLC.},
	Author = {{Schr\"odinger, LLC}},
	Date-Added = {2010-08-19 17:29:55 -0400},
	Date-Modified = {2010-08-19 18:08:54 -0400},
	Month = {August},
	Title = {The {PyMOL} Molecular Graphics System, Version~1.3r1},
	Year = {2010}
}
