% Generated by Paperpile. Check out http://paperpile.com for more information.
% BibTeX export options can be customized via Settings -> BibTeX.

@ARTICLE{Hanwell2012,
  title       = "Avogadro: an advanced semantic chemical editor, visualization,
                 and analysis platform",
  author      = "Hanwell, Marcus D and Curtis, Donald E and Lonie, David C and
                 Vandermeersch, Tim and Zurek, Eva and Hutchison, Geoffrey R",
  affiliation = "Department of Chemistry, University of Pittsburgh, 219 Parkman
                 Avenue, Pittsburgh, PA, 15260, USA.
                 marcus.hanwell@kitware.com.",
  journal     = "J. Cheminform.",
  volume      =  4,
  number      =  1,
  pages       = "17",
  month       =  "13~" # aug,
  year        =  2012,
  keywords    = "Thesis References;Thesis References/02\_Rhodopsin/Structural"
}

@ARTICLE{Wang2004,
  title       = "Development and testing of a general amber force field",
  author      = "Wang, Junmei and Wolf, Romain M and Caldwell, James W and
                 Kollman, Peter A and Case, David A",
  affiliation = "Encysive Pharmaceuticals Inc., 7000 Fannin, Houston, Texas
                 77030, USA.",
  journal     = "J. Comput. Chem.",
  volume      =  25,
  number      =  9,
  pages       = "1157--1174",
  month       =  "15~" # jul,
  year        =  2004,
  keywords    = "Thesis References;Thesis References/02\_Rhodopsin/Structural"
}

@ARTICLE{Shen2006,
  title       = "Statistical potential for assessment and prediction of protein
                 structures",
  author      = "Shen, Min-Yi and Sali, Andrej",
  affiliation = "Department of Biopharmaceutical Sciences, Department of
                 Pharmaceutical Chemistry, University of California at San
                 Francisco, San Francisco, California 94158, USA.
                 smy@salilab.org",
  journal     = "Protein Sci.",
  volume      =  15,
  number      =  11,
  pages       = "2507--2524",
  month       =  nov,
  year        =  2006,
  keywords    = "Thesis References/02\_Rhodopsin/Structural;Thesis References"
}

@ARTICLE{Finn2014,
  title       = "Pfam: the protein families database",
  author      = "Finn, Robert D and Bateman, Alex and Clements, Jody and
                 Coggill, Penelope and Eberhardt, Ruth Y and Eddy, Sean R and
                 Heger, Andreas and Hetherington, Kirstie and Holm, Liisa and
                 Mistry, Jaina and Sonnhammer, Erik L L and Tate, John and
                 Punta, Marco",
  affiliation = "HHMI Janelia Farm Research Campus, 19700 Helix Drive, Ashburn,
                 VA 20147 USA, European Molecular Biology Laboratory, European
                 Bioinformatics Institute (EMBL-EBI), Wellcome Trust Genome
                 Campus, Hinxton, Cambridge CB10 1SD, UK, Wellcome Trust Sanger
                 Institute, Wellcome Trust Genome Campus, Hinxton, Cambridge
                 CB10 1SA, UK, MRC Functional Genomics Unit, Department of
                 Physiology, Anatomy and Genetics, University of Oxford,
                 Oxford, OX1 3QX, UK, Institute of Biotechnology and Department
                 of Biological and Environmental Sciences, University of
                 Helsinki, PO Box 56 (Viikinkaari 5), 00014 Helsinki, Finland
                 and Stockholm Bioinformatics Center, Swedish eScience Research
                 Center, Department of Biochemistry and Biophysics, Science for
                 Life Laboratory, Stockholm University, PO Box 1031, SE-17121
                 Solna, Sweden.",
  journal     = "Nucleic Acids Res.",
  volume      =  42,
  number      = "Database issue",
  pages       = "D222--30",
  month       =  jan,
  year        =  2014,
  keywords    = "Thesis References;Thesis
                 References/02\_Rhodopsin/Auxillary;Thesis
                 References/02\_Rhodopsin/Structural"
}

@ARTICLE{Aurrecoechea2010,
  title       = "{EuPathDB}: a portal to eukaryotic pathogen databases",
  author      = "Aurrecoechea, Cristina and Brestelli, John and Brunk, Brian P
                 and Fischer, Steve and Gajria, Bindu and Gao, Xin and Gingle,
                 Alan and Grant, Greg and Harb, Omar S and Heiges, Mark and
                 Innamorato, Frank and Iodice, John and Kissinger, Jessica C
                 and Kraemer, Eileen T and Li, Wei and Miller, John A and
                 Nayak, Vishal and Pennington, Cary and Pinney, Deborah F and
                 Roos, David S and Ross, Chris and Srinivasamoorthy, Ganesh and
                 Stoeckert, Jr, Christian J and Thibodeau, Ryan and Treatman,
                 Charles and Wang, Haiming",
  affiliation = "Center for Tropical \& Emerging Global Diseases, University of
                 Georgia, Athens, GA 30602, USA.",
  journal     = "Nucleic Acids Res.",
  volume      =  38,
  number      = "Database issue",
  pages       = "D415--9",
  month       =  jan,
  year        =  2010,
  keywords    = "Thesis References;Thesis References/10\_Appendix"
}

@ARTICLE{Stajich2012FungiDB,
  title       = "{FungiDB}: an integrated functional genomics database for
                 fungi",
  author      = "Stajich, Jason E and Harris, Todd and Brunk, Brian P and
                 Brestelli, John and Fischer, Steve and Harb, Omar S and
                 Kissinger, Jessica C and Li, Wei and Nayak, Vishal and Pinney,
                 Deborah F and Stoeckert, Jr, Chris J and Roos, David S",
  affiliation = "Department of Plant Pathology \& Microbiology, University of
                 California, Riverside, CA 92521, USA. jason.stajich@ucr.edu",
  journal     = "Nucleic Acids Res.",
  volume      =  40,
  number      = "Database issue",
  pages       = "D675--81",
  month       =  jan,
  year        =  2012,
  keywords    = "Thesis References/10\_Appendix;Thesis References"
}

@ARTICLE{Burmester2011,
  title       = "Comparative and functional genomics provide insights into the
                 pathogenicity of dermatophytic fungi",
  author      = "Burmester, Anke and Shelest, Ekaterina and Gl{\"{o}}ckner,
                 Gernot and Heddergott, Christoph and Schindler, Susann and
                 Staib, Peter and Heidel, Andrew and Felder, Marius and
                 Petzold, Andreas and Szafranski, Karol and Feuermann, Marc and
                 Pedruzzi, Ivo and Priebe, Steffen and Groth, Marco and
                 Winkler, Robert and Li, Wenjun and Kniemeyer, Olaf and
                 Schroeckh, Volker and Hertweck, Christian and Hube, Bernhard
                 and White, Theodore C and Platzer, Matthias and Guthke,
                 Reinhard and Heitman, Joseph and W{\"{o}}stemeyer, Johannes
                 and Zipfel, Peter F and Monod, Michel and Brakhage, Axel A",
  affiliation = "Department of Molecular and Applied Microbiology, Leibniz
                 Institute for Natural Product Research and Infection Biology -
                 Hans Kn{\"{o}}ll Institute, Beutenbergstrasse 11a, Jena,
                 07745, Germany.",
  journal     = "Genome Biol.",
  volume      =  12,
  number      =  1,
  pages       = "R7",
  month       =  "19~" # jan,
  year        =  2011,
  keywords    = "Thesis References/10\_Appendix;Thesis References"
}

@ARTICLE{Martinez2012,
  title       = "Comparative genome analysis of \textit{Trichophyton rubrum}
                 and related dermatophytes reveals candidate genes involved in
                 infection",
  author      = "Martinez, Diego A and Oliver, Brian G and Gr{\"{a}}ser, Yvonne
                 and Goldberg, Jonathan M and Li, Wenjun and Martinez-Rossi,
                 Nilce M and Monod, Michel and Shelest, Ekaterina and Barton,
                 Richard C and Birch, Elizabeth and Brakhage, Axel A and Chen,
                 Zehua and Gurr, Sarah J and Heiman, David and Heitman, Joseph
                 and Kosti, Idit and Rossi, Antonio and Saif, Sakina and
                 Samalova, Marketa and Saunders, Charles W and Shea, Terrance
                 and Summerbell, Richard C and Xu, Jun and Young, Sarah and
                 Zeng, Qiandong and Birren, Bruce W and Cuomo, Christina A and
                 White, Theodore C",
  affiliation = "Broad Institute of MIT and Harvard, Cambridge, Massachusetts,
                 USA.",
  journal     = "MBio",
  volume      =  3,
  number      =  5,
  pages       = "e00259--12",
  month       =  "4~" # sep,
  year        =  2012,
  keywords    = "Thesis References/10\_Appendix;Thesis References"
}

% The entry below contains non-ASCII chars that could not be converted
% to a LaTeX equivalent.
@ARTICLE{Wyss2000,
  title    = "Cloning and Expression of $\beta$,$\beta$-Carotene
              15,15'-Dioxygenase",
  author   = "Wyss, A and Wirtz, G and Woggon, W-D and Brugger, R and Wyss, M
              and Friedlein, A and Bachmann, H and Hunziker, W",
  journal  = "Biochem. Biophys. Res. Commun.",
  volume   =  271,
  number   =  2,
  pages    = "334--336",
  month    =  "10~" # may,
  year     =  2000,
  keywords = "$\beta$-carotene; $\beta$,$\beta$-carotene 15,15â€²-dioxygenase;
              vitamin A; centric cleavage; retinal; duodenal expression
              library;Thesis References/04\_Coelomomyces;Thesis References"
}

@ARTICLE{Velayos2000,
  title       = "A bifunctional enzyme with lycopene cyclase and phytoene
                 synthase activities is encoded by the {\textit{carRP}} gene of
                 \textit{Mucor circinelloides}",
  author      = "Velayos, A and Eslava, A P and Iturriaga, E A",
  affiliation = "Area de Gen\'{e}tica, Departamento de Microbiolog\'{\i}a y
                 Gen\'{e}tica, Universidad de Salamanca, Spain.",
  journal     = "Eur. J. Biochem.",
  volume      =  267,
  number      =  17,
  pages       = "5509--5519",
  month       =  sep,
  year        =  2000,
  keywords    = "Thesis References/04\_Coelomomyces;Thesis References"
}

@ARTICLE{RuizHidalgo1997,
  title       = "The phytoene dehydrogenase gene of \textit{Phycomyces}:
                 regulation of its expression by blue light and vitamin A",
  author      = "Ruiz-Hidalgo, M J and Benito, E P and Sandmann, G and Eslava,
                 A P",
  affiliation = "Departamento de Microbiolog\'{\i}a y Gen\'{e}tica, Universidad
                 de Salamanca, Spain.",
  journal     = "Mol. Gen. Genet.",
  volume      =  253,
  number      =  6,
  pages       = "734--744",
  month       =  "27~" # feb,
  year        =  1997,
  keywords    = "Thesis References/04\_Coelomomyces;Thesis References"
}

@ARTICLE{Conti2000,
  title       = "Phosphodiesterases and cyclic nucleotide signaling in
                 endocrine cells",
  author      = "Conti, M",
  affiliation = "Department of Gynecology and Obstetrics, Stanford University
                 School of Medicine, California 94305-5317, USA.",
  journal     = "Mol. Endocrinol.",
  volume      =  14,
  number      =  9,
  pages       = "1317--1327",
  month       =  sep,
  year        =  2000,
  keywords    = "Thesis References/02\_Rhodopsin/Auxillary;Thesis References"
}

@ARTICLE{Deterre1988,
  title       = "{cGMP} phosphodiesterase of retinal rods is regulated by two
                 inhibitory subunits",
  author      = "Deterre, P and Bigay, J and Forquet, F and Robert, M and
                 Chabre, M",
  affiliation = "Laboratoire de Biophysique Mol\'{e}culaire et Cellulaire,
                 Unit\'{e} Associ\'{e}e 520 du Centre National de la Recherche
                 Scientifique, DRF/CENG, Grenoble, France.",
  journal     = "Proc. Natl. Acad. Sci. U. S. A.",
  volume      =  85,
  number      =  8,
  pages       = "2424--2428",
  month       =  apr,
  year        =  1988,
  keywords    = "Thesis References;Thesis References/02\_Rhodopsin/Auxillary"
}

@ARTICLE{Liu1997,
  title       = "{G} protein alpha subunit genes control growth, development,
                 and pathogenicity of \textit{Magnaporthe grisea}",
  author      = "Liu, S and Dean, R A",
  affiliation = "Department of Plant Pathology and Physiology, Clemson
                 University, SC 29634-0377, USA.",
  journal     = "Mol. Plant. Microbe. Interact.",
  volume      =  10,
  number      =  9,
  pages       = "1075--1086",
  month       =  dec,
  year        =  1997,
  keywords    = "Thesis References/02\_Rhodopsin/Auxillary;Thesis References"
}

@ARTICLE{Katoh2005,
  title       = "{MAFFT} version 5: improvement in accuracy of multiple
                 sequence alignment",
  author      = "Katoh, Kazutaka and Kuma, Kei-Ichi and Toh, Hiroyuki and
                 Miyata, Takashi",
  affiliation = "Bioinformatics Center, Institute for Chemical Research, Kyoto
                 University Uji, Kyoto 611-0011, Japan.
                 kkatoh@kuicr.kyoto-u.ac.jp",
  journal     = "Nucleic Acids Res.",
  volume      =  33,
  number      =  2,
  pages       = "511--518",
  month       =  "20~" # jan,
  year        =  2005,
  keywords    = "Thesis References;Thesis References/02\_Rhodopsin/Structural"
}

@ARTICLE{Cashmore1999,
  title       = "Cryptochromes: blue light receptors for plants and animals",
  author      = "Cashmore, A R and Jarillo, J A and Wu, Y J and Liu, D",
  affiliation = "Plant Science Institute, Department of Biology, University of
                 Pennsylvania, Philadelphia, PA 19104-6018, USA.
                 cashmore@upenn.sas.edu",
  journal     = "Science",
  volume      =  284,
  number      =  5415,
  pages       = "760--765",
  month       =  "30~" # apr,
  year        =  1999,
  keywords    = "Thesis References;Thesis References/02\_Rhodopsin/Structural"
}

@INCOLLECTION{Rawlings1994,
  title     = "[2] Families of serine peptidases",
  booktitle = "Proteolytic Enzymes: Serine and Cysteine Peptidases",
  author    = "Rawlings, Neil D and Barrett, Alan J",
  editor    = "{Alan J. Barrett}",
  publisher = "Academic Press",
  volume    = "Volume 244",
  pages     = "19--61",
  year      =  1994,
  keywords  = "Thesis References/04\_Coelomomyces;Thesis References"
}

@ARTICLE{DosSantos2015,
  title       = "{FlyBase}: introduction of the \textit{Drosophila
                 melanogaster} Release 6 reference genome assembly and
                 large-scale migration of genome annotations",
  author      = "dos Santos, Gilberto and Schroeder, Andrew J and Goodman,
                 Joshua L and Strelets, Victor B and Crosby, Madeline A and
                 Thurmond, Jim and Emmert, David B and Gelbart, William M and
                 {FlyBase Consortium}",
  affiliation = "The Biological Laboratories, Harvard University, 16 Divinity
                 Avenue, Cambridge, MA 02138, USA dossantos@morgan.harvard.edu.
                 The Biological Laboratories, Harvard University, 16 Divinity
                 Avenue, Cambridge, MA 02138, USA. Department of Biology,
                 Indiana University, Bloomington, IN 47405, USA. Department of
                 Biology, Indiana University, Bloomington, IN 47405, USA. The
                 Biological Laboratories, Harvard University, 16 Divinity
                 Avenue, Cambridge, MA 02138, USA. Department of Biology,
                 Indiana University, Bloomington, IN 47405, USA. The Biological
                 Laboratories, Harvard University, 16 Divinity Avenue,
                 Cambridge, MA 02138, USA. The Biological Laboratories, Harvard
                 University, 16 Divinity Avenue, Cambridge, MA 02138, USA.",
  journal     = "Nucleic Acids Res.",
  volume      =  43,
  number      = "Database issue",
  pages       = "D690--7",
  month       =  jan,
  year        =  2015,
  keywords    = "Thesis References/10\_Appendix;Thesis References"
}

@ARTICLE{Dujon2004,
  title       = "Genome evolution in yeasts",
  author      = "Dujon, Bernard and Sherman, David and Fischer, Gilles and
                 Durrens, Pascal and Casaregola, Serge and Lafontaine, Ingrid
                 and De Montigny, Jacky and Marck, Christian and
                 Neuv\'{e}glise, C\'{e}cile and Talla, Emmanuel and Goffard,
                 Nicolas and Frangeul, Lionel and Aigle, Michel and Anthouard,
                 V\'{e}ronique and Babour, Anna and Barbe, Val\'{e}rie and
                 Barnay, St\'{e}phanie and Blanchin, Sylvie and Beckerich,
                 Jean-Marie and Beyne, Emmanuelle and Bleykasten, Claudine and
                 Boisram\'{e}, Anita and Boyer, Jeanne and Cattolico, Laurence
                 and Confanioleri, Fabrice and De Daruvar, Antoine and Despons,
                 Laurence and Fabre, Emmanuelle and Fairhead, C\'{e}cile and
                 Ferry-Dumazet, H\'{e}l\`{e}ne and Groppi, Alexis and Hantraye,
                 Florence and Hennequin, Christophe and Jauniaux, Nicolas and
                 Joyet, Philippe and Kachouri, Rym and Kerrest, Alix and
                 Koszul, Romain and Lemaire, Marc and Lesur, Isabelle and Ma,
                 Laurence and Muller, H\'{e}lo{\"{\i}}se and Nicaud, Jean-Marc
                 and Nikolski, Macha and Oztas, Sophie and
                 Ozier-Kalogeropoulos, Odile and Pellenz, Stefan and Potier,
                 Serge and Richard, Guy-Franck and Straub, Marie-Laure and
                 Suleau, Audrey and Swennen, Dominique and Tekaia, Fredj and
                 W\'{e}solowski-Louvel, Micheline and Westhof, Eric and Wirth,
                 B\'{e}n\'{e}dicte and Zeniou-Meyer, Maria and Zivanovic, Ivan
                 and Bolotin-Fukuhara, Monique and Thierry, Agn\`{e}s and
                 Bouchier, Christiane and Caudron, Bernard and Scarpelli,
                 Claude and Gaillardin, Claude and Weissenbach, Jean and
                 Wincker, Patrick and Souciet, Jean-Luc",
  affiliation = "Unit\'{e} de G\'{e}n\'{e}tique Mol\'{e}culaire des Levures,
                 URA 2171 CNRS and UFR 927 Universit\'{e} Pierre et Marie
                 Curie. bdujon@pasteur.fr",
  journal     = "Nature",
  volume      =  430,
  number      =  6995,
  pages       = "35--44",
  month       =  "1~" # jul,
  year        =  2004,
  keywords    = "Thesis References/10\_Appendix;Thesis References"
}

@ARTICLE{Padamsee2012,
  title       = "The genome of the xerotolerant mold \textit{Wallemia sebi}
                 reveals adaptations to osmotic stress and suggests cryptic
                 sexual reproduction",
  author      = "Padamsee, Mahajabeen and Kumar, T K Arun and Riley, Robert and
                 Binder, Manfred and Boyd, Alex and Calvo, Ana M and Furukawa,
                 Kentaro and Hesse, Cedar and Hohmann, Stefan and James, Tim Y
                 and LaButti, Kurt and Lapidus, Alla and Lindquist, Erika and
                 Lucas, Susan and Miller, Kari and Shantappa, Sourabha and
                 Grigoriev, Igor V and Hibbett, David S and McLaughlin, David J
                 and Spatafora, Joseph W and Aime, M Catherine",
  affiliation = "Department of Plant Pathology and Crop Physiology, Louisiana
                 State University Agricultural Center, Baton Rouge, LA 70803,
                 United States.",
  journal     = "Fungal Genet. Biol.",
  volume      =  49,
  number      =  3,
  pages       = "217--226",
  month       =  mar,
  year        =  2012,
  keywords    = "Thesis References/10\_Appendix;Thesis References"
}

@ARTICLE{Kamper2006,
  title       = "Insights from the genome of the biotrophic fungal plant
                 pathogen \textit{Ustilago maydis}",
  author      = "K{\"{a}}mper, J{\"{o}}rg and Kahmann, Regine and B{\"{o}}lker,
                 Michael and Ma, Li-Jun and Brefort, Thomas and Saville, Barry
                 J and Banuett, Flora and Kronstad, James W and Gold, Scott E
                 and M{\"{u}}ller, Olaf and Perlin, Michael H and W{\"{o}}sten,
                 Han A B and de Vries, Ronald and Ruiz-Herrera, Jos\'{e} and
                 Reynaga-Pe\~{n}a, Cristina G and Snetselaar, Karen and McCann,
                 Michael and P\'{e}rez-Mart\'{\i}n, Jos\'{e} and
                 Feldbr{\"{u}}gge, Michael and Basse, Christoph W and
                 Steinberg, Gero and Ibeas, Jose I and Holloman, William and
                 Guzman, Plinio and Farman, Mark and Stajich, Jason E and
                 Sentandreu, Rafael and Gonz\'{a}lez-Prieto, Juan M and
                 Kennell, John C and Molina, Lazaro and Schirawski, Jan and
                 Mendoza-Mendoza, Artemio and Greilinger, Doris and
                 M{\"{u}}nch, Karin and R{\"{o}}ssel, Nicole and Scherer, Mario
                 and Vranes, Miroslav and Ladendorf, Oliver and Vincon, Volker
                 and Fuchs, Uta and Sandrock, Bj{\"{o}}rn and Meng, Shaowu and
                 Ho, Eric C H and Cahill, Matt J and Boyce, Kylie J and Klose,
                 Jana and Klosterman, Steven J and Deelstra, Heine J and
                 Ortiz-Castellanos, Lucila and Li, Weixi and Sanchez-Alonso,
                 Patricia and Schreier, Peter H and H{\"{a}}user-Hahn, Isolde
                 and Vaupel, Martin and Koopmann, Edda and Friedrich, Gabi and
                 Voss, Hartmut and Schl{\"{u}}ter, Thomas and Margolis,
                 Jonathan and Platt, Darren and Swimmer, Candace and Gnirke,
                 Andreas and Chen, Feng and Vysotskaia, Valentina and
                 Mannhaupt, Gertrud and G{\"{u}}ldener, Ulrich and
                 M{\"{u}}nsterk{\"{o}}tter, Martin and Haase, Dirk and
                 Oesterheld, Matthias and Mewes, Hans-Werner and Mauceli, Evan
                 W and DeCaprio, David and Wade, Claire M and Butler, Jonathan
                 and Young, Sarah and Jaffe, David B and Calvo, Sarah and
                 Nusbaum, Chad and Galagan, James and Birren, Bruce W",
  affiliation = "Department of Organismic Interactions, Max Planck Institute
                 for Terrestrial Microbiology, Karl-von-Frisch Strasse, D-35043
                 Marburg, Germany. kahmann@mpi-marburg.mpg.de",
  journal     = "Nature",
  volume      =  444,
  number      =  7115,
  pages       = "97--101",
  month       =  "2~" # nov,
  year        =  2006,
  keywords    = "Thesis References/10\_Appendix;Thesis References"
}

@ARTICLE{Armbrust2004,
  title       = "The genome of the diatom \textit{Thalassiosira pseudonana}:
                 ecology, evolution, and metabolism",
  author      = "Armbrust, E Virginia and Berges, John A and Bowler, Chris and
                 Green, Beverley R and Martinez, Diego and Putnam, Nicholas H
                 and Zhou, Shiguo and Allen, Andrew E and Apt, Kirk E and
                 Bechner, Michael and Brzezinski, Mark A and Chaal, Balbir K
                 and Chiovitti, Anthony and Davis, Aubrey K and Demarest, Mark
                 S and Detter, J Chris and Glavina, Tijana and Goodstein, David
                 and Hadi, Masood Z and Hellsten, Uffe and Hildebrand, Mark and
                 Jenkins, Bethany D and Jurka, Jerzy and Kapitonov, Vladimir V
                 and Kr{\"{o}}ger, Nils and Lau, Winnie W Y and Lane, Todd W
                 and Larimer, Frank W and Lippmeier, J Casey and Lucas, Susan
                 and Medina, M\'{o}nica and Montsant, Anton and Obornik,
                 Miroslav and Parker, Micaela Schnitzler and Palenik, Brian and
                 Pazour, Gregory J and Richardson, Paul M and Rynearson,
                 Tatiana A and Saito, Mak A and Schwartz, David C and
                 Thamatrakoln, Kimberlee and Valentin, Klaus and Vardi, Assaf
                 and Wilkerson, Frances P and Rokhsar, Daniel S",
  affiliation = "School of Oceanography, University of Washington, Seattle, WA
                 98195, USA. armbrust@ocean.washington.edu",
  journal     = "Science",
  volume      =  306,
  number      =  5693,
  pages       = "79--86",
  month       =  "1~" # oct,
  year        =  2004,
  keywords    = "Thesis References/10\_Appendix;Thesis References"
}

@ARTICLE{Kissinger2003,
  title       = "{ToxoDB}: accessing the \textit{Toxoplasma gondii} genome",
  author      = "Kissinger, Jessica C and Gajria, Bindu and Li, Li and Paulsen,
                 Ian T and Roos, David S",
  affiliation = "Department of Genetics/Center for Tropical and Emerging Global
                 Diseases, University of Georgia, Athens, GA 30602-2606, USA.",
  journal     = "Nucleic Acids Res.",
  volume      =  31,
  number      =  1,
  pages       = "234--236",
  month       =  "1~" # jan,
  year        =  2003,
  keywords    = "Thesis References/10\_Appendix;Thesis References"
}

@ARTICLE{Wood2002,
  title       = "The genome sequence of \textit{Schizosaccharomyces pombe}",
  author      = "Wood, V and Gwilliam, R and Rajandream, M-A and Lyne, M and
                 Lyne, R and Stewart, A and Sgouros, J and Peat, N and Hayles,
                 J and Baker, S and Basham, D and Bowman, S and Brooks, K and
                 Brown, D and Brown, S and Chillingworth, T and Churcher, C and
                 Collins, M and Connor, R and Cronin, A and Davis, P and
                 Feltwell, T and Fraser, A and Gentles, S and Goble, A and
                 Hamlin, N and Harris, D and Hidalgo, J and Hodgson, G and
                 Holroyd, S and Hornsby, T and Howarth, S and Huckle, E J and
                 Hunt, S and Jagels, K and James, K and Jones, L and Jones, M
                 and Leather, S and McDonald, S and McLean, J and Mooney, P and
                 Moule, S and Mungall, K and Murphy, L and Niblett, D and
                 Odell, C and Oliver, K and O'Neil, S and Pearson, D and Quail,
                 M A and Rabbinowitsch, E and Rutherford, K and Rutter, S and
                 Saunders, D and Seeger, K and Sharp, S and Skelton, J and
                 Simmonds, M and Squares, R and Squares, S and Stevens, K and
                 Taylor, K and Taylor, R G and Tivey, A and Walsh, S and
                 Warren, T and Whitehead, S and Woodward, J and Volckaert, G
                 and Aert, R and Robben, J and Grymonprez, B and Weltjens, I
                 and Vanstreels, E and Rieger, M and Sch{\"{a}}fer, M and
                 M{\"{u}}ller-Auer, S and Gabel, C and Fuchs, M and
                 D{\"{u}}sterh{\"{o}}ft, A and Fritzc, C and Holzer, E and
                 Moestl, D and Hilbert, H and Borzym, K and Langer, I and Beck,
                 A and Lehrach, H and Reinhardt, R and Pohl, T M and Eger, P
                 and Zimmermann, W and Wedler, H and Wambutt, R and Purnelle, B
                 and Goffeau, A and Cadieu, E and Dr\'{e}ano, S and Gloux, S
                 and Lelaure, V and Mottier, S and Galibert, F and Aves, S J
                 and Xiang, Z and Hunt, C and Moore, K and Hurst, S M and
                 Lucas, M and Rochet, M and Gaillardin, C and Tallada, V A and
                 Garzon, A and Thode, G and Daga, R R and Cruzado, L and
                 Jimenez, J and S\'{a}nchez, M and del Rey, F and Benito, J and
                 Dom\'{\i}nguez, A and Revuelta, J L and Moreno, S and
                 Armstrong, J and Forsburg, S L and Cerutti, L and Lowe, T and
                 McCombie, W R and Paulsen, I and Potashkin, J and Shpakovski,
                 G V and Ussery, D and Barrell, B G and Nurse, P and Cerrutti,
                 L",
  affiliation = "The Wellcome Trust Sanger Institute, The Wellcome Trust Genome
                 Campus, Hinxton, Cambridge, UK.",
  journal     = "Nature",
  volume      =  415,
  number      =  6874,
  pages       = "871--880",
  month       =  "21~" # feb,
  year        =  2002,
  keywords    = "Thesis References/10\_Appendix;Thesis References"
}

@ARTICLE{Ma2009,
  title       = "Genomic analysis of the basal lineage fungus \textit{Rhizopus
                 oryzae} reveals a whole-genome duplication",
  author      = "Ma, Li-Jun and Ibrahim, Ashraf S and Skory, Christopher and
                 Grabherr, Manfred G and Burger, Gertraud and Butler, Margi and
                 Elias, Marek and Idnurm, Alexander and Lang, B Franz and Sone,
                 Teruo and Abe, Ayumi and Calvo, Sarah E and Corrochano, Luis M
                 and Engels, Reinhard and Fu, Jianmin and Hansberg, Wilhelm and
                 Kim, Jung-Mi and Kodira, Chinnappa D and Koehrsen, Michael J
                 and Liu, Bo and Miranda-Saavedra, Diego and O'Leary, Sinead
                 and Ortiz-Castellanos, Lucila and Poulter, Russell and
                 Rodriguez-Romero, Julio and Ruiz-Herrera, Jos\'{e} and Shen,
                 Yao-Qing and Zeng, Qiandong and Galagan, James and Birren,
                 Bruce W and Cuomo, Christina A and Wickes, Brian L",
  affiliation = "The Broad Institute of MIT and Harvard, Cambridge, MA, USA.
                 lijun@broad.mit.edu",
  journal     = "PLoS Genet.",
  volume      =  5,
  number      =  7,
  pages       = "e1000549",
  month       =  jul,
  year        =  2009,
  keywords    = "Thesis References/10\_Appendix;Thesis References"
}

@ARTICLE{Lee2014,
  title       = "Analysis of a food-borne fungal pathogen outbreak: virulence
                 and genome of a \textit{Mucor circinelloides} isolate from
                 yogurt",
  author      = "Lee, Soo Chan and Billmyre, R Blake and Li, Alicia and Carson,
                 Sandra and Sykes, Sean M and Huh, Eun Young and Mieczkowski,
                 Piotr and Ko, Dennis C and Cuomo, Christina A and Heitman,
                 Joseph",
  affiliation = "Department of Molecular Genetics and Microbiology, Duke
                 University Medical Center, Durham, North Carolina, USA
                 heitm001@duke.edu soochan.lee@duke.edu. Department of
                 Molecular Genetics and Microbiology, Duke University Medical
                 Center, Durham, North Carolina, USA. Department of Molecular
                 Genetics and Microbiology, Duke University Medical Center,
                 Durham, North Carolina, USA. Dental Department, Corpus Christi
                 State Supported Living Center, Corpus Christi, Texas, USA.
                 Broad Institute of MIT and Harvard, Cambridge, Massachusetts,
                 USA. Division of Gastroenterology and Hepatology, Center for
                 Gastrointestinal Biology and Disease, University of North
                 Carolina at Chapel Hill, North Carolina, USA. Department of
                 Genetics, School of Medicine, University of North Carolina,
                 Chapel Hill, North Carolina, USA. Broad Institute of MIT and
                 Harvard, Cambridge, Massachusetts, USA. Department of
                 Molecular Genetics and Microbiology, Duke University Medical
                 Center, Durham, North Carolina, USA heitm001@duke.edu
                 soochan.lee@duke.edu.",
  journal     = "MBio",
  volume      =  5,
  number      =  4,
  pages       = "e01390--14",
  month       =  "8~" # jul,
  year        =  2014,
  keywords    = "Thesis References/10\_Appendix;Thesis References"
}

@ARTICLE{Levesque2010,
  title    = "Genome sequence of the necrotrophic plant pathogen
              \textit{Pythium ultimum} reveals original pathogenicity
              mechanisms and effector repertoire",
  author   = "Levesque, C Andre and Brouwer, Henk and Cano, Liliana and
              Hamilton, John and Holt, Carson and Huitema, Edgar and Raffaele,
              Sylvain and Robideau, Gregg and Thines, Marco and Win, Joe and
              Zerillo, Marcelo and Beakes, Gordon and Boore, Jeffrey and Busam,
              Dana and Dumas, Bernard and Ferriera, Steve and Fuerstenberg,
              Susan and Gachon, Claire and Gaulin, Elodie and Govers, Francine
              and Grenville-Briggs, Laura and Horner, Neil and Hostetler,
              Jessica and Jiang, Rays and Johnson, Justin and Krajaejun,
              Theerapong and Lin, Haining and Meijer, Harold and Moore, Barry
              and Morris, Paul",
  journal  = "Genome Biol.",
  volume   =  11,
  number   =  7,
  pages    = "R73",
  year     =  2010,
  keywords = "Thesis References/10\_Appendix;Thesis References"
}

@ARTICLE{Tyler2006,
  title       = "\textit{Phytophthora} genome sequences uncover evolutionary
                 origins and mechanisms of pathogenesis",
  author      = "Tyler, Brett M and Tripathy, Sucheta and Zhang, Xuemin and
                 Dehal, Paramvir and Jiang, Rays H Y and Aerts, Andrea and
                 Arredondo, Felipe D and Baxter, Laura and Bensasson, Douda and
                 Beynon, Jim L and Chapman, Jarrod and Damasceno, Cynthia M B
                 and Dorrance, Anne E and Dou, Daolong and Dickerman, Allan W
                 and Dubchak, Inna L and Garbelotto, Matteo and Gijzen, Mark
                 and Gordon, Stuart G and Govers, Francine and Grunwald,
                 Niklaus J and Huang, Wayne and Ivors, Kelly L and Jones,
                 Richard W and Kamoun, Sophien and Krampis, Konstantinos and
                 Lamour, Kurt H and Lee, Mi-Kyung and McDonald, W Hayes and
                 Medina, M\'{o}nica and Meijer, Harold J G and Nordberg, Eric K
                 and Maclean, Donald J and Ospina-Giraldo, Manuel D and Morris,
                 Paul F and Phuntumart, Vipaporn and Putnam, Nicholas H and
                 Rash, Sam and Rose, Jocelyn K C and Sakihama, Yasuko and
                 Salamov, Asaf A and Savidor, Alon and Scheuring, Chantel F and
                 Smith, Brian M and Sobral, Bruno W S and Terry, Astrid and
                 Torto-Alalibo, Trudy A and Win, Joe and Xu, Zhanyou and Zhang,
                 Hongbin and Grigoriev, Igor V and Rokhsar, Daniel S and Boore,
                 Jeffrey L",
  affiliation = "Virginia Bioinformatics Institute, Virginia Polytechnic
                 Institute and State University, Blacksburg, VA 24061, USA.
                 bmtyler@vt.edu",
  journal     = "Science",
  volume      =  313,
  number      =  5791,
  pages       = "1261--1266",
  month       =  "1~" # sep,
  year        =  2006,
  keywords    = "Thesis References/10\_Appendix;Thesis References"
}

@ARTICLE{Falb2005,
  title       = "Living with two extremes: conclusions from the genome sequence
                 of \textit{Natronomonas pharaonis}",
  author      = "Falb, Michaela and Pfeiffer, Friedhelm and Palm, Peter and
                 Rodewald, Karin and Hickmann, Volker and Tittor, J{\"{o}}rg
                 and Oesterhelt, Dieter",
  affiliation = "Max-Planck-Institute of Biochemistry, Department of Membrane
                 Biochemistry, D-82152 Martinsried, Germany.",
  journal     = "Genome Res.",
  volume      =  15,
  number      =  10,
  pages       = "1336--1343",
  month       =  oct,
  year        =  2005,
  keywords    = "Thesis References/10\_Appendix;Thesis References"
}

@ARTICLE{Cuomo2012,
  title       = "Microsporidian genome analysis reveals evolutionary strategies
                 for obligate intracellular growth",
  author      = "Cuomo, Christina A and Desjardins, Christopher A and Bakowski,
                 Malina A and Goldberg, Jonathan and Ma, Amy T and Becnel,
                 James J and Didier, Elizabeth S and Fan, Lin and Heiman, David
                 I and Levin, Joshua Z and Young, Sarah and Zeng, Qiandong and
                 Troemel, Emily R",
  affiliation = "The Broad Institute of MIT and Harvard, Cambridge,
                 Massachusetts 02142, USA. cuomo@broadinstitute.org",
  journal     = "Genome Res.",
  volume      =  22,
  number      =  12,
  pages       = "2478--2488",
  month       =  dec,
  year        =  2012,
  keywords    = "Thesis References/10\_Appendix;Thesis References"
}

@ARTICLE{Cornman2009,
  title       = "Genomic analyses of the microsporidian \textit{Nosema
                 ceranae}, an emergent pathogen of honey bees",
  author      = "Cornman, R Scott and Chen, Yan Ping and Schatz, Michael C and
                 Street, Craig and Zhao, Yan and Desany, Brian and Egholm,
                 Michael and Hutchison, Stephen and Pettis, Jeffery S and
                 Lipkin, W Ian and Evans, Jay D",
  affiliation = "USDA-ARS Bee Research Lab, Beltsville, Maryland, United States
                 of America.",
  journal     = "PLoS Pathog.",
  volume      =  5,
  number      =  6,
  pages       = "e1000466",
  month       =  jun,
  year        =  2009,
  keywords    = "Thesis References/10\_Appendix;Thesis References"
}

@ARTICLE{Chapman2010,
  title       = "The dynamic genome of \textit{Hydra}",
  author      = "Chapman, Jarrod A and Kirkness, Ewen F and Simakov, Oleg and
                 Hampson, Steven E and Mitros, Therese and Weinmaier, Thomas
                 and Rattei, Thomas and Balasubramanian, Prakash G and Borman,
                 Jon and Busam, Dana and Disbennett, Kathryn and Pfannkoch,
                 Cynthia and Sumin, Nadezhda and Sutton, Granger G and
                 Viswanathan, Lakshmi Devi and Walenz, Brian and Goodstein,
                 David M and Hellsten, Uffe and Kawashima, Takeshi and
                 Prochnik, Simon E and Putnam, Nicholas H and Shu, Shengquiang
                 and Blumberg, Bruce and Dana, Catherine E and Gee, Lydia and
                 Kibler, Dennis F and Law, Lee and Lindgens, Dirk and Martinez,
                 Daniel E and Peng, Jisong and Wigge, Philip A and Bertulat,
                 Bianca and Guder, Corina and Nakamura, Yukio and Ozbek, Suat
                 and Watanabe, Hiroshi and Khalturin, Konstantin and Hemmrich,
                 Georg and Franke, Andr\'{e} and Augustin, Ren\'{e} and Fraune,
                 Sebastian and Hayakawa, Eisuke and Hayakawa, Shiho and Hirose,
                 Mamiko and Hwang, Jung Shan and Ikeo, Kazuho and
                 Nishimiya-Fujisawa, Chiemi and Ogura, Atshushi and Takahashi,
                 Toshio and Steinmetz, Patrick R H and Zhang, Xiaoming and
                 Aufschnaiter, Roland and Eder, Marie-Kristin and Gorny,
                 Anne-Kathrin and Salvenmoser, Willi and Heimberg, Alysha M and
                 Wheeler, Benjamin M and Peterson, Kevin J and B{\"{o}}ttger,
                 Angelika and Tischler, Patrick and Wolf, Alexander and
                 Gojobori, Takashi and Remington, Karin A and Strausberg,
                 Robert L and Venter, J Craig and Technau, Ulrich and Hobmayer,
                 Bert and Bosch, Thomas C G and Holstein, Thomas W and
                 Fujisawa, Toshitaka and Bode, Hans R and David, Charles N and
                 Rokhsar, Daniel S and Steele, Robert E",
  affiliation = "US Department of Energy Joint Genome Institute, Walnut Creek,
                 California 94598, USA.",
  journal     = "Nature",
  volume      =  464,
  number      =  7288,
  pages       = "592--596",
  month       =  "25~" # mar,
  year        =  2010,
  keywords    = "Thesis References/10\_Appendix;Thesis References"
}

@ARTICLE{Manning2013,
  title       = "Comparative genomics of a plant-pathogenic fungus,
                 \textit{Pyrenophora tritici-repentis}, reveals
                 transduplication and the impact of repeat elements on
                 pathogenicity and population divergence",
  author      = "Manning, Viola A and Pandelova, Iovanna and Dhillon, Braham
                 and Wilhelm, Larry J and Goodwin, Stephen B and Berlin, Aaron
                 M and Figueroa, Melania and Freitag, Michael and Hane, James K
                 and Henrissat, Bernard and Holman, Wade H and Kodira,
                 Chinnappa D and Martin, Joel and Oliver, Richard P and
                 Robbertse, Barbara and Schackwitz, Wendy and Schwartz, David C
                 and Spatafora, Joseph W and Turgeon, B Gillian and Yandava,
                 Chandri and Young, Sarah and Zhou, Shiguo and Zeng, Qiandong
                 and Grigoriev, Igor V and Ma, Li-Jun and Ciuffetti, Lynda M",
  affiliation = "Department of Botany and Plant Pathology, Oregon State
                 University, Corvallis, Oregon 97331-8530, USA.",
  journal     = "G3",
  volume      =  3,
  number      =  1,
  pages       = "41--63",
  month       =  jan,
  year        =  2013,
  keywords    = "ToxA; ToxB; anastomosis; copy number variation; histone H3
                 transduplication; wheat (Triticum aestivum);Thesis
                 References/10\_Appendix;Thesis References"
}

@ARTICLE{Tisserant2013,
  title       = "Genome of an arbuscular mycorrhizal fungus provides insight
                 into the oldest plant symbiosis",
  author      = "Tisserant, Emilie and Malbreil, Mathilde and Kuo, Alan and
                 Kohler, Annegret and Symeonidi, Aikaterini and Balestrini,
                 Raffaella and Charron, Philippe and Duensing, Nina and Frei
                 dit Frey, Nicolas and Gianinazzi-Pearson, Vivienne and
                 Gilbert, Luz B and Handa, Yoshihiro and Herr, Joshua R and
                 Hijri, Mohamed and Koul, Raman and Kawaguchi, Masayoshi and
                 Krajinski, Franziska and Lammers, Peter J and Masclaux,
                 Frederic G and Murat, Claude and Morin, Emmanuelle and
                 Ndikumana, Steve and Pagni, Marco and Petitpierre, Denis and
                 Requena, Natalia and Rosikiewicz, Pawel and Riley, Rohan and
                 Saito, Katsuharu and San Clemente, H\'{e}l\`{e}ne and Shapiro,
                 Harris and van Tuinen, Diederik and B\'{e}card, Guillaume and
                 Bonfante, Paola and Paszkowski, Uta and Shachar-Hill, Yair Y
                 and Tuskan, Gerald A and Young, J Peter W and Young, Peter W
                 and Sanders, Ian R and Henrissat, Bernard and Rensing, Stefan
                 A and Grigoriev, Igor V and Corradi, Nicolas and Roux,
                 Christophe and Martin, Francis",
  affiliation = "Institut National de la Recherche Agronomique, Unit\'{e} Mixte
                 de Recherche 1136, Interactions Arbres/Microorganismes, Centre
                 de Nancy, Universit\'{e} de Lorraine, 54280 Champenoux,
                 France.",
  journal     = "Proc. Natl. Acad. Sci. U. S. A.",
  volume      =  110,
  number      =  50,
  pages       = "20117--20122",
  month       =  "10~" # dec,
  year        =  2013,
  keywords    = "carbohydrate-active enzymes; effector; fungal evolution;
                 glomales; mutualism;Thesis References/10\_Appendix;Thesis
                 References"
}

@ARTICLE{Gao2011,
  title       = "Genome sequencing and comparative transcriptomics of the model
                 entomopathogenic fungi \textit{Metarhizium anisopliae} and
                 \textit{M. acridum}",
  author      = "Gao, Qiang and Jin, Kai and Ying, Sheng-Hua and Zhang, Yongjun
                 and Xiao, Guohua and Shang, Yanfang and Duan, Zhibing and Hu,
                 Xiao and Xie, Xue-Qin and Zhou, Gang and Peng, Guoxiong and
                 Luo, Zhibing and Huang, Wei and Wang, Bing and Fang, Weiguo
                 and Wang, Sibao and Zhong, Yi and Ma, Li-Jun and St Leger,
                 Raymond J and Zhao, Guo-Ping and Pei, Yan and Feng, Ming-Guang
                 and Xia, Yuxian and Wang, Chengshu",
  affiliation = "Key Laboratory of Insect Developmental and Evolutionary
                 Biology, Institute of Plant Physiology and Ecology, Shanghai
                 Institutes for Biological Sciences, Chinese Academy of
                 Sciences, Shanghai, China.",
  journal     = "PLoS Genet.",
  volume      =  7,
  number      =  1,
  pages       = "e1001264",
  month       =  "6~" # jan,
  year        =  2011,
  keywords    = "Thesis References/10\_Appendix;Thesis References"
}

@ARTICLE{Eichinger2005,
  title       = "The genome of the social amoeba \textit{Dictyostelium
                 discoideum}",
  author      = "Eichinger, L and Pachebat, J A and Gl{\"{o}}ckner, G and
                 Rajandream, M-A and Sucgang, R and Berriman, M and Song, J and
                 Olsen, R and Szafranski, K and Xu, Q and Tunggal, B and
                 Kummerfeld, S and Madera, M and Konfortov, B A and Rivero, F
                 and Bankier, A T and Lehmann, R and Hamlin, N and Davies, R
                 and Gaudet, P and Fey, P and Pilcher, K and Chen, G and
                 Saunders, D and Sodergren, E and Davis, P and Kerhornou, A and
                 Nie, X and Hall, N and Anjard, C and Hemphill, L and Bason, N
                 and Farbrother, P and Desany, B and Just, E and Morio, T and
                 Rost, R and Churcher, C and Cooper, J and Haydock, S and van
                 Driessche, N and Cronin, A and Goodhead, I and Muzny, D and
                 Mourier, T and Pain, A and Lu, M and Harper, D and Lindsay, R
                 and Hauser, H and James, K and Quiles, M and Madan Babu, M and
                 Saito, T and Buchrieser, C and Wardroper, A and Felder, M and
                 Thangavelu, M and Johnson, D and Knights, A and Loulseged, H
                 and Mungall, K and Oliver, K and Price, C and Quail, M A and
                 Urushihara, H and Hernandez, J and Rabbinowitsch, E and
                 Steffen, D and Sanders, M and Ma, J and Kohara, Y and Sharp, S
                 and Simmonds, M and Spiegler, S and Tivey, A and Sugano, S and
                 White, B and Walker, D and Woodward, J and Winckler, T and
                 Tanaka, Y and Shaulsky, G and Schleicher, M and Weinstock, G
                 and Rosenthal, A and Cox, E C and Chisholm, R L and Gibbs, R
                 and Loomis, W F and Platzer, M and Kay, R R and Williams, J
                 and Dear, P H and Noegel, A A and Barrell, B and Kuspa, A",
  affiliation = "Center for Biochemistry and Center for Molecular Medicine
                 Cologne, University of Cologne, Joseph-Stelzmann-Str. 52,
                 50931 Cologne, Germany.",
  journal     = "Nature",
  volume      =  435,
  number      =  7038,
  pages       = "43--57",
  month       =  "5~" # may,
  year        =  2005,
  keywords    = "Thesis References/10\_Appendix;Thesis References"
}

@ARTICLE{Merchant2007,
  title       = "The \textit{Chlamydomonas} genome reveals the evolution of key
                 animal and plant functions",
  author      = "Merchant, Sabeeha S and Prochnik, Simon E and Vallon, Olivier
                 and Harris, Elizabeth H and Karpowicz, Steven J and Witman,
                 George B and Terry, Astrid and Salamov, Asaf and Fritz-Laylin,
                 Lillian K and Mar\'{e}chal-Drouard, Laurence and Marshall,
                 Wallace F and Qu, Liang-Hu and Nelson, David R and Sanderfoot,
                 Anton A and Spalding, Martin H and Kapitonov, Vladimir V and
                 Ren, Qinghu and Ferris, Patrick and Lindquist, Erika and
                 Shapiro, Harris and Lucas, Susan M and Grimwood, Jane and
                 Schmutz, Jeremy and Cardol, Pierre and Cerutti, Heriberto and
                 Chanfreau, Guillaume and Chen, Chun-Long and Cognat,
                 Val\'{e}rie and Croft, Martin T and Dent, Rachel and Dutcher,
                 Susan and Fern\'{a}ndez, Emilio and Fukuzawa, Hideya and
                 Gonz\'{a}lez-Ballester, David and Gonz\'{a}lez-Halphen, Diego
                 and Hallmann, Armin and Hanikenne, Marc and Hippler, Michael
                 and Inwood, William and Jabbari, Kamel and Kalanon, Ming and
                 Kuras, Richard and Lefebvre, Paul A and Lemaire, St\'{e}phane
                 D and Lobanov, Alexey V and Lohr, Martin and Manuell, Andrea
                 and Meier, Iris and Mets, Laurens and Mittag, Maria and
                 Mittelmeier, Telsa and Moroney, James V and Moseley, Jeffrey
                 and Napoli, Carolyn and Nedelcu, Aurora M and Niyogi, Krishna
                 and Novoselov, Sergey V and Paulsen, Ian T and Pazour, Greg
                 and Purton, Saul and Ral, Jean-Philippe and
                 Ria\~{n}o-Pach\'{o}n, Diego Mauricio and Riekhof, Wayne and
                 Rymarquis, Linda and Schroda, Michael and Stern, David and
                 Umen, James and Willows, Robert and Wilson, Nedra and Zimmer,
                 Sara Lana and Allmer, Jens and Balk, Janneke and Bisova,
                 Katerina and Chen, Chong-Jian and Elias, Marek and Gendler,
                 Karla and Hauser, Charles and Lamb, Mary Rose and Ledford,
                 Heidi and Long, Joanne C and Minagawa, Jun and Page, M Dudley
                 and Pan, Junmin and Pootakham, Wirulda and Roje, Sanja and
                 Rose, Annkatrin and Stahlberg, Eric and Terauchi, Aimee M and
                 Yang, Pinfen and Ball, Steven and Bowler, Chris and Dieckmann,
                 Carol L and Gladyshev, Vadim N and Green, Pamela and
                 Jorgensen, Richard and Mayfield, Stephen and Mueller-Roeber,
                 Bernd and Rajamani, Sathish and Sayre, Richard T and
                 Brokstein, Peter and Dubchak, Inna and Goodstein, David and
                 Hornick, Leila and Huang, Y Wayne and Jhaveri, Jinal and Luo,
                 Yigong and Mart\'{\i}nez, Diego and Ngau, Wing Chi Abby and
                 Otillar, Bobby and Poliakov, Alexander and Porter, Aaron and
                 Szajkowski, Lukasz and Werner, Gregory and Zhou, Kemin and
                 Grigoriev, Igor V and Rokhsar, Daniel S and Grossman, Arthur R",
  affiliation = "Department of Chemistry and Biochemistry, University of
                 California at Los Angeles, Los Angeles, CA 90095, USA.",
  journal     = "Science",
  volume      =  318,
  number      =  5848,
  pages       = "245--250",
  month       =  "12~" # oct,
  year        =  2007,
  keywords    = "Thesis References/10\_Appendix;Thesis References"
}

@ARTICLE{Matsuzaki2004,
  title       = "Genome sequence of the ultrasmall unicellular red alga
                 \textit{Cyanidioschyzon merolae} {10D}",
  author      = "Matsuzaki, Motomichi and Misumi, Osami and Shin-I, Tadasu and
                 Maruyama, Shinichiro and Takahara, Manabu and Miyagishima,
                 Shin-Ya and Mori, Toshiyuki and Nishida, Keiji and Yagisawa,
                 Fumi and Nishida, Keishin and Yoshida, Yamato and Nishimura,
                 Yoshiki and Nakao, Shunsuke and Kobayashi, Tamaki and
                 Momoyama, Yu and Higashiyama, Tetsuya and Minoda, Ayumi and
                 Sano, Masako and Nomoto, Hisayo and Oishi, Kazuko and Hayashi,
                 Hiroko and Ohta, Fumiko and Nishizaka, Satoko and Haga,
                 Shinobu and Miura, Sachiko and Morishita, Tomomi and Kabeya,
                 Yukihiro and Terasawa, Kimihiro and Suzuki, Yutaka and Ishii,
                 Yasuyuki and Asakawa, Shuichi and Takano, Hiroyoshi and Ohta,
                 Niji and Kuroiwa, Haruko and Tanaka, Kan and Shimizu,
                 Nobuyoshi and Sugano, Sumio and Sato, Naoki and Nozaki,
                 Hisayoshi and Ogasawara, Naotake and Kohara, Yuji and Kuroiwa,
                 Tsuneyoshi",
  affiliation = "Department of Biomedical Chemistry, Graduate School of
                 Medicine, University of Tokyo, 7-3-1 Hongo, Bunkyo-ku, Tokyo
                 113-0033, Japan. mzaki@biol.s.u-tokyo.ac.jp",
  journal     = "Nature",
  volume      =  428,
  number      =  6983,
  pages       = "653--657",
  month       =  "8~" # apr,
  year        =  2004,
  keywords    = "Thesis References/10\_Appendix;Thesis References"
}

@ARTICLE{Chang2015,
  title       = "Phylogenomic Analyses Indicate that Early Fungi Evolved
                 Digesting Cell Walls of Algal Ancestors of Land Plants",
  author      = "Chang, Ying and Wang, Sishuo and Sekimoto, Satoshi and Aerts,
                 Andrea L and Choi, Cindy and Clum, Alicia and LaButti, Kurt M
                 and Lindquist, Erika A and Yee Ngan, Chew and Ohm, Robin A and
                 Salamov, Asaf A and Grigoriev, Igor V and Spatafora, Joseph W
                 and Berbee, Mary L",
  affiliation = "Department of Botany, University of British Columbia,
                 Vancouver, British Columbia niuerchang@gmail.com. Department
                 of Botany, University of British Columbia, Vancouver, British
                 Columbia. Department of Botany, University of British
                 Columbia, Vancouver, British Columbia NITE Biological Resource
                 Center (NBRC), National Institute of Technology and
                 Evaluation, Chiba, Japan. DOE Joint Genome Institute, Walnut
                 Creek, California. DOE Joint Genome Institute, Walnut Creek,
                 California. DOE Joint Genome Institute, Walnut Creek,
                 California. DOE Joint Genome Institute, Walnut Creek,
                 California. DOE Joint Genome Institute, Walnut Creek,
                 California. DOE Joint Genome Institute, Walnut Creek,
                 California. DOE Joint Genome Institute, Walnut Creek,
                 California. DOE Joint Genome Institute, Walnut Creek,
                 California. DOE Joint Genome Institute, Walnut Creek,
                 California. Department of Botany and Plant Pathology, Oregon
                 State University. Department of Botany, University of British
                 Columbia, Vancouver, British Columbia.",
  journal     = "Genome Biol. Evol.",
  volume      =  7,
  number      =  6,
  pages       = "1590--1601",
  month       =  "14~" # may,
  year        =  2015,
  keywords    = "Gonapodya; carbohydrate active enzymes; evolution; fungal
                 phylogeny; geological time; pectinases; streptophytes;Thesis
                 References/10\_Appendix;Thesis References;Thesis
                 References/01\_Intro"
}

@ARTICLE{McCullough2000,
  title       = "Molecular epidemiology of \textit{Blastomyces dermatitidis}",
  author      = "McCullough, M J and DiSalvo, A F and Clemons, K V and Park, P
                 and Stevens, D A",
  affiliation = "Department of Medicine, Division of Infectious Diseases, Santa
                 Clara Valley Medical Center, San Jose, CA 95128-2699, USA.",
  journal     = "Clin. Infect. Dis.",
  volume      =  30,
  number      =  2,
  pages       = "328--335",
  month       =  feb,
  year        =  2000,
  keywords    = "Thesis References/10\_Appendix;Thesis References"
}

@ARTICLE{Amselem2011,
  title       = "Genomic analysis of the necrotrophic fungal pathogens
                 \textit{Sclerotinia sclerotiorum} and \textit{Botrytis
                 cinerea}",
  author      = "Amselem, Joelle and Cuomo, Christina A and van Kan, Jan A L
                 and Viaud, Muriel and Benito, Ernesto P and Couloux, Arnaud
                 and Coutinho, Pedro M and de Vries, Ronald P and Dyer, Paul S
                 and Fillinger, Sabine and Fournier, Elisabeth and Gout, Lilian
                 and Hahn, Matthias and Kohn, Linda and Lapalu, Nicolas and
                 Plummer, Kim M and Pradier, Jean-Marc and Qu\'{e}villon,
                 Emmanuel and Sharon, Amir and Simon, Adeline and ten Have,
                 Arjen and Tudzynski, Bettina and Tudzynski, Paul and Wincker,
                 Patrick and Andrew, Marion and Anthouard, V\'{e}ronique and
                 Beever, Ross E and Beffa, Rolland and Benoit, Isabelle and
                 Bouzid, Ourdia and Brault, Baptiste and Chen, Zehua and
                 Choquer, Mathias and Coll\'{e}mare, J\'{e}rome and Cotton,
                 Pascale and Danchin, Etienne G and Da Silva, Corinne and
                 Gautier, Ang\'{e}lique and Giraud, Corinne and Giraud, Tatiana
                 and Gonzalez, Celedonio and Grossetete, Sandrine and
                 G{\"{u}}ldener, Ulrich and Henrissat, Bernard and Howlett,
                 Barbara J and Kodira, Chinnappa and Kretschmer, Matthias and
                 Lappartient, Anne and Leroch, Michaela and Levis, Caroline and
                 Mauceli, Evan and Neuv\'{e}glise, C\'{e}cile and Oeser,
                 Birgitt and Pearson, Matthew and Poulain, Julie and
                 Poussereau, Nathalie and Quesneville, Hadi and Rascle,
                 Christine and Schumacher, Julia and S\'{e}gurens, B\'{e}atrice
                 and Sexton, Adrienne and Silva, Evelyn and Sirven, Catherine
                 and Soanes, Darren M and Talbot, Nicholas J and Templeton,
                 Matt and Yandava, Chandri and Yarden, Oded and Zeng, Qiandong
                 and Rollins, Jeffrey A and Lebrun, Marc-Henri and Dickman,
                 Marty",
  affiliation = "Unit\'{e} de Recherche G\'{e}nomique - Info, UR1164, INRA,
                 Versailles, France. joelle.amselem@versailles.inra.fr",
  journal     = "PLoS Genet.",
  volume      =  7,
  number      =  8,
  pages       = "e1002230",
  month       =  aug,
  year        =  2011,
  keywords    = "Thesis References/10\_Appendix;Thesis References"
}

@ARTICLE{Slamovits2004,
  title       = "Genome compaction and stability in microsporidian
                 intracellular parasites",
  author      = "Slamovits, Claudio H and Fast, Naomi M and Law, Joyce S and
                 Keeling, Patrick J",
  affiliation = "Canadian Institute for Advanced Research, Department of
                 Botany, University of British Columbia, 3529-6270 University
                 Boulevard, Vancouver, BC V6T 1Z4, Canada.",
  journal     = "Curr. Biol.",
  volume      =  14,
  number      =  10,
  pages       = "891--896",
  month       =  "25~" # may,
  year        =  2004,
  keywords    = "Thesis References/10\_Appendix;Thesis References"
}

@ARTICLE{Corradi2007,
  title       = "Patterns of genome evolution among the microsporidian
                 parasites \textit{Encephalitozoon cuniculi},
                 \textit{Antonospora locustae} and \textit{Enterocytozoon
                 bieneusi}",
  author      = "Corradi, Nicolas and Akiyoshi, Donna E and Morrison, Hilary G
                 and Feng, Xiaochuan and Weiss, Louis M and Tzipori, Saul and
                 Keeling, Patrick J",
  affiliation = "Department of Botany, Canadian Institute for Advanced
                 Research, University of British Columbia, Vancouver, British
                 Columbia, Canada.",
  journal     = "PLoS One",
  volume      =  2,
  number      =  12,
  pages       = "e1277",
  month       =  "5~" # dec,
  year        =  2007,
  keywords    = "Thesis References/10\_Appendix;Thesis References"
}

@ARTICLE{Dietrich2004,
  title       = "The \textit{Ashbya gossypii} genome as a tool for mapping the
                 ancient \textit{Saccharomyces cerevisiae} genome",
  author      = "Dietrich, Fred S and Voegeli, Sylvia and Brachat, Sophie and
                 Lerch, Anita and Gates, Krista and Steiner, Sabine and Mohr,
                 Christine and P{\"{o}}hlmann, Rainer and Luedi, Philippe and
                 Choi, Sangdun and Wing, Rod A and Flavier, Albert and Gaffney,
                 Thomas D and Philippsen, Peter",
  affiliation = "Biozentrum der Universit{\"{a}}t Basel, Klingelbergstrasse 50,
                 CH-4056 Basel, Switzerland.",
  journal     = "Science",
  volume      =  304,
  number      =  5668,
  pages       = "304--307",
  month       =  "9~" # apr,
  year        =  2004,
  keywords    = "Thesis References/10\_Appendix;Thesis References"
}

@ARTICLE{Galagan2005,
  title       = "Sequencing of \textit{Aspergillus nidulans} and comparative
                 analysis with \textit{A. fumigatus} and \textit{A. oryzae}",
  author      = "Galagan, James E and Calvo, Sarah E and Cuomo, Christina and
                 Ma, Li-Jun and Wortman, Jennifer R and Batzoglou, Serafim and
                 Lee, Su-In and Ba\c{s}t{\"{u}}rkmen, Meray and Spevak,
                 Christina C and Clutterbuck, John and Kapitonov, Vladimir and
                 Jurka, Jerzy and Scazzocchio, Claudio and Farman, Mark and
                 Butler, Jonathan and Purcell, Seth and Harris, Steve and
                 Braus, Gerhard H and Draht, Oliver and Busch, Silke and
                 D'Enfert, Christophe and Bouchier, Christiane and Goldman,
                 Gustavo H and Bell-Pedersen, Deborah and Griffiths-Jones, Sam
                 and Doonan, John H and Yu, Jaehyuk and Vienken, Kay and Pain,
                 Arnab and Freitag, Michael and Selker, Eric U and Archer,
                 David B and Pe\~{n}alva, Miguel A and Oakley, Berl R and
                 Momany, Michelle and Tanaka, Toshihiro and Kumagai, Toshitaka
                 and Asai, Kiyoshi and Machida, Masayuki and Nierman, William C
                 and Denning, David W and Caddick, Mark and Hynes, Michael and
                 Paoletti, Mathieu and Fischer, Reinhard and Miller, Bruce and
                 Dyer, Paul and Sachs, Matthew S and Osmani, Stephen A and
                 Birren, Bruce W",
  affiliation = "The Broad Institute of MIT and Harvard, 320 Charles Street,
                 Cambridge, Massachusetts 02142, USA.",
  journal     = "Nature",
  volume      =  438,
  number      =  7071,
  pages       = "1105--1115",
  month       =  "22~" # dec,
  year        =  2005,
  keywords    = "Thesis References/10\_Appendix;Thesis References"
}

@ARTICLE{Nierman2005,
  title       = "Genomic sequence of the pathogenic and allergenic filamentous
                 fungus \textit{Aspergillus fumigatus}",
  author      = "Nierman, William C and Pain, Arnab and Anderson, Michael J and
                 Wortman, Jennifer R and Kim, H Stanley and Arroyo, Javier and
                 Berriman, Matthew and Abe, Keietsu and Archer, David B and
                 Bermejo, Clara and Bennett, Joan and Bowyer, Paul and Chen,
                 Dan and Collins, Matthew and Coulsen, Richard and Davies,
                 Robert and Dyer, Paul S and Farman, Mark and Fedorova, Nadia
                 and Fedorova, Natalie and Feldblyum, Tamara V and Fischer,
                 Reinhard and Fosker, Nigel and Fraser, Audrey and Garc\'{\i}a,
                 Jose L and Garc\'{\i}a, Maria J and Goble, Arlette and
                 Goldman, Gustavo H and Gomi, Katsuya and Griffith-Jones, Sam
                 and Gwilliam, Ryan and Haas, Brian and Haas, Hubertus and
                 Harris, David and Horiuchi, H and Huang, Jiaqi and Humphray,
                 Sean and Jim\'{e}nez, Javier and Keller, Nancy and Khouri,
                 Hoda and Kitamoto, Katsuhiko and Kobayashi, Tetsuo and
                 Konzack, Sven and Kulkarni, Resham and Kumagai, Toshitaka and
                 Lafon, Anne and Lafton, Anne and Latg\'{e}, Jean-Paul and Li,
                 Weixi and Lord, Angela and Lu, Charles and Majoros, William H
                 and May, Gregory S and Miller, Bruce L and Mohamoud, Yasmin
                 and Molina, Maria and Monod, Michel and Mouyna, Isabelle and
                 Mulligan, Stephanie and Murphy, Lee and O'Neil, Susan and
                 Paulsen, Ian and Pe\~{n}alva, Miguel A and Pertea, Mihaela and
                 Price, Claire and Pritchard, Bethan L and Quail, Michael A and
                 Rabbinowitsch, Ester and Rawlins, Neil and Rajandream,
                 Marie-Adele and Reichard, Utz and Renauld, Hubert and Robson,
                 Geoffrey D and Rodriguez de C\'{o}rdoba, Santiago and
                 Rodr\'{\i}guez-Pe\~{n}a, Jose M and Ronning, Catherine M and
                 Rutter, Simon and Salzberg, Steven L and Sanchez, Miguel and
                 S\'{a}nchez-Ferrero, Juan C and Saunders, David and Seeger,
                 Kathy and Squares, Rob and Squares, Steven and Takeuchi,
                 Michio and Tekaia, Fredj and Turner, Geoffrey and Vazquez de
                 Aldana, Carlos R and Weidman, Janice and White, Owen and
                 Woodward, John and Yu, Jae-Hyuk and Fraser, Claire and
                 Galagan, James E and Asai, Kiyoshi and Machida, Masayuki and
                 Hall, Neil and Barrell, Bart and Denning, David W",
  affiliation = "The Institute for Genomic Research, Rockville, Maryland 20850,
                 USA. wnierman@tigr.org",
  journal     = "Nature",
  volume      =  438,
  number      =  7071,
  pages       = "1151--1156",
  month       =  "22~" # dec,
  year        =  2005,
  keywords    = "Thesis References/10\_Appendix;Thesis References"
}

@ARTICLE{Neafsey2010,
  title       = "Population genomic sequencing of \textit{Coccidioides} fungi
                 reveals recent hybridization and transposon control",
  author      = "Neafsey, Daniel E and Barker, Bridget M and Sharpton, Thomas J
                 and Stajich, Jason E and Park, Daniel J and Whiston, Emily and
                 Hung, Chiung-Yu and McMahan, Cody and White, Jared and Sykes,
                 Sean and Heiman, David and Young, Sarah and Zeng, Qiandong and
                 Abouelleil, Amr and Aftuck, Lynne and Bessette, Daniel and
                 Brown, Adam and FitzGerald, Michael and Lui, Annie and
                 Macdonald, J Pendexter and Priest, Margaret and Orbach, Marc J
                 and Galgiani, John N and Kirkland, Theo N and Cole, Garry T
                 and Birren, Bruce W and Henn, Matthew R and Taylor, John W and
                 Rounsley, Steven D",
  affiliation = "Broad Institute, Cambridge, Massachusetts 02142, USA.
                 neafsey@broadinstitute.org",
  journal     = "Genome Res.",
  volume      =  20,
  number      =  7,
  pages       = "938--946",
  month       =  jul,
  year        =  2010,
  keywords    = "Thesis References/10\_Appendix;Thesis References"
}

@ARTICLE{Sharpton2009,
  title       = "Comparative genomic analyses of the human fungal pathogens
                 \textit{Coccidioides} and their relatives",
  author      = "Sharpton, Thomas J and Stajich, Jason E and Rounsley, Steven D
                 and Gardner, Malcolm J and Wortman, Jennifer R and Jordar,
                 Vinita S and Maiti, Rama and Kodira, Chinnappa D and Neafsey,
                 Daniel E and Zeng, Qiandong and Hung, Chiung-Yu and McMahan,
                 Cody and Muszewska, Anna and Grynberg, Marcin and Mandel, M
                 Alejandra and Kellner, Ellen M and Barker, Bridget M and
                 Galgiani, John N and Orbach, Marc J and Kirkland, Theo N and
                 Cole, Garry T and Henn, Matthew R and Birren, Bruce W and
                 Taylor, John W",
  affiliation = "Department of Plant and Microbial Biology, University of
                 California, Berkeley, 94720, USA. sharpton@berkeley.edu",
  journal     = "Genome Res.",
  volume      =  19,
  number      =  10,
  pages       = "1722--1731",
  month       =  oct,
  year        =  2009,
  keywords    = "Thesis References/10\_Appendix;Thesis References"
}

@ARTICLE{Stajich2010Ccin,
  title       = "Insights into evolution of multicellular fungi from the
                 assembled chromosomes of the mushroom \textit{Coprinopsis
                 cinerea} (\textit{Coprinus cinereus})",
  author      = "Stajich, Jason E and Wilke, Sarah K and Ahr\'{e}n, Dag and Au,
                 Chun Hang and Birren, Bruce W and Borodovsky, Mark and Burns,
                 Claire and Canb{\"{a}}ck, Bj{\"{o}}rn and Casselton, Lorna A
                 and Cheng, C K and Deng, Jixin and Dietrich, Fred S and Fargo,
                 David C and Farman, Mark L and Gathman, Allen C and Goldberg,
                 Jonathan and Guig\'{o}, Roderic and Hoegger, Patrick J and
                 Hooker, James B and Huggins, Ashleigh and James, Timothy Y and
                 Kamada, Takashi and Kilaru, Sreedhar and Kodira, Chinnapa and
                 K{\"{u}}es, Ursula and Kupfer, Doris and Kwan, H S and
                 Lomsadze, Alexandre and Li, Weixi and Lilly, Walt W and Ma,
                 Li-Jun and Mackey, Aaron J and Manning, Gerard and Martin,
                 Francis and Muraguchi, Hajime and Natvig, Donald O and
                 Palmerini, Heather and Ramesh, Marilee A and Rehmeyer, Cathy J
                 and Roe, Bruce A and Shenoy, Narmada and Stanke, Mario and
                 Ter-Hovhannisyan, Vardges and Tunlid, Anders and Velagapudi,
                 Rajesh and Vision, Todd J and Zeng, Qiandong and Zolan, Miriam
                 E and Pukkila, Patricia J",
  affiliation = "Department of Plant Pathology and Microbiology, University of
                 California, Riverside, CA 92521, USA. jason.stajich@ucr.edu",
  journal     = "Proc. Natl. Acad. Sci. U. S. A.",
  volume      =  107,
  number      =  26,
  pages       = "11889--11894",
  month       =  "29~" # jun,
  year        =  2010,
  keywords    = "Thesis References/10\_Appendix;Thesis References"
}

@ARTICLE{Menne2000,
  title       = "A comparison of signal sequence prediction methods using a
                 test set of signal peptides",
  author      = "Menne, K M and Hermjakob, H and Apweiler, R",
  affiliation = "EMBL Outstation Hinxton - The European Bioinformatics
                 Institute (EBI), Wellcome Trust Genome Campus, Hinxton,
                 Cambridgeshire CB10 1SD, UK.",
  journal     = "Bioinformatics",
  volume      =  16,
  number      =  8,
  pages       = "741--742",
  month       =  aug,
  year        =  2000,
  keywords    = "Thesis References/03\_Inhibition;Thesis References"
}

@ARTICLE{Matthews1975,
  title    = "Comparison of the predicted and observed secondary structure of
              {T4} phage lysozyme",
  author   = "Matthews, B W",
  journal  = "Biochim. Biophys. Acta",
  volume   =  405,
  number   =  2,
  pages    = "442--451",
  month    =  "20~" # oct,
  year     =  1975,
  keywords = "Thesis References/03\_Inhibition;Thesis References"
}

@ARTICLE{Baldi2000,
  title       = "Assessing the accuracy of prediction algorithms for
                 classification: an overview",
  author      = "Baldi, P and Brunak, S and Chauvin, Y and Andersen, C A and
                 Nielsen, H",
  affiliation = "Department of Information and Computer Science, University of
                 California, Irvine, CA 92697, USA. pfbaldi@ics.uci.edu",
  journal     = "Bioinformatics",
  volume      =  16,
  number      =  5,
  pages       = "412--424",
  month       =  may,
  year        =  2000,
  keywords    = "Thesis References/03\_Inhibition;Thesis References"
}

@ARTICLE{deCastro2006,
  title       = "{ScanProsite}: detection of {PROSITE} signature matches and
                 {ProRule-associated} functional and structural residues in
                 proteins",
  author      = "de Castro, Edouard and Sigrist, Christian J A and Gattiker,
                 Alexandre and Bulliard, Virginie and Langendijk-Genevaux,
                 Petra S and Gasteiger, Elisabeth and Bairoch, Amos and Hulo,
                 Nicolas",
  affiliation = "Swiss Institute of Bioinformatics, 1 rue Michel Servet,
                 CH-1211 Geneva 4, Switzerland. ecastro@isb-sib.ch",
  journal     = "Nucleic Acids Res.",
  volume      =  34,
  number      = "Web Server issue",
  pages       = "W362--5",
  month       =  "1~" # jul,
  year        =  2006,
  keywords    = "Thesis References/03\_Inhibition;Thesis References"
}

@ARTICLE{Horton2007,
  title       = "{WoLF} {PSORT}: protein localization predictor",
  author      = "Horton, Paul and Park, Keun-Joon and Obayashi, Takeshi and
                 Fujita, Naoya and Harada, Hajime and Adams-Collier, C J and
                 Nakai, Kenta",
  affiliation = "Computational Biology Research Center, AIST, Tokyo, Japan.",
  journal     = "Nucleic Acids Res.",
  volume      =  35,
  number      = "Web Server issue",
  pages       = "W585--7",
  month       =  jul,
  year        =  2007,
  keywords    = "Thesis References/03\_Inhibition;Thesis References"
}

@ARTICLE{Sprenger2006,
  title       = "Evaluation and comparison of mammalian subcellular
                 localization prediction methods",
  author      = "Sprenger, Josefine and Fink, J Lynn and Teasdale, Rohan D",
  affiliation = "ARC Special Research Centre for Functional and Applied
                 Genomics, Brisbane, QLD 4072, Australia.
                 j.sprenger@imb.uq.edu.au",
  journal     = "BMC Bioinformatics",
  volume      = "7 Suppl 5",
  pages       = "S3",
  month       =  "18~" # dec,
  year        =  2006,
  keywords    = "Thesis References;Thesis References/03\_Inhibition"
}

@ARTICLE{Emanuelsson2007,
  title       = "Locating proteins in the cell using {TargetP}, {SignalP} and
                 related tools",
  author      = "Emanuelsson, Olof and Brunak, S\o{}ren and von Heijne, Gunnar
                 and Nielsen, Henrik",
  affiliation = "Stockholm Bioinformatics Center, Albanova, Stockholm
                 University, SE-10691 Stockholm, Sweden.",
  journal     = "Nat. Protoc.",
  volume      =  2,
  number      =  4,
  pages       = "953--971",
  year        =  2007,
  keywords    = "Thesis References/03\_Inhibition;Thesis References"
}

@ARTICLE{Emanuelsson2000,
  title       = "Predicting subcellular localization of proteins based on their
                 {N-terminal} amino acid sequence",
  author      = "Emanuelsson, O and Nielsen, H and Brunak, S and von Heijne, G",
  affiliation = "Stockholm Bioinformatics Center, Department of Biochemistry,
                 Stockholm University, Stockholm, S-106 91, Sweden.",
  journal     = "J. Mol. Biol.",
  volume      =  300,
  number      =  4,
  pages       = "1005--1016",
  month       =  "21~" # jul,
  year        =  2000,
  keywords    = "Thesis References/03\_Inhibition;Thesis References"
}

@ARTICLE{Kall2007,
  title    = "Advantages of combined transmembrane topology and signal peptide
              prediction---the {Phobius} web server",
  author   = "K{\"{a}}ll, Lukas and Krogh, Anders and Sonnhammer, Erik L L",
  journal  = "Nucleic Acids Res.",
  volume   =  35,
  number   = "suppl 2",
  pages    = "W429--W432",
  month    =  "1~" # jul,
  year     =  2007,
  keywords = "Thesis References/03\_Inhibition;Thesis References"
}

@ARTICLE{Kall2004,
  title       = "A combined transmembrane topology and signal peptide
                 prediction method",
  author      = "K{\"{a}}ll, Lukas and Krogh, Anders and Sonnhammer, Erik L L",
  affiliation = "Center for Genomics and Bioinformatics, Karolinska Institutet,
                 SE-17 177 Stockholm, Sweden.",
  journal     = "J. Mol. Biol.",
  volume      =  338,
  number      =  5,
  pages       = "1027--1036",
  month       =  "14~" # may,
  year        =  2004,
  keywords    = "Thesis References/03\_Inhibition;Thesis References"
}

@ARTICLE{Bendtsen2004,
  title       = "Improved prediction of signal peptides: {SignalP} 3.0",
  author      = "Bendtsen, Jannick Dyrl\o{}v and Nielsen, Henrik and von
                 Heijne, Gunnar and Brunak, S\o{}ren",
  affiliation = "Center for Biological Sequence Analysis, BioCentrum-DTU,
                 Building 208, Technical University of Denmark, DK-2800 Lyngby,
                 Denmark.",
  journal     = "J. Mol. Biol.",
  volume      =  340,
  number      =  4,
  pages       = "783--795",
  month       =  "16~" # jul,
  year        =  2004,
  keywords    = "Thesis References/03\_Inhibition;Thesis References"
}

@ARTICLE{Leroch2011,
  title     = "Fungicide Resistance Phenotypes of \textit{Botrytis cinerea}
               Isolates from Commercial Vineyards in {South} {West} {Germany}",
  author    = "Leroch, Michaela and Kretschmer, Matthias and Hahn, Matthias",
  journal   = "Journal of Phytopathology",
  publisher = "Blackwell Publishing Ltd",
  volume    =  159,
  number    =  1,
  pages     = "63--65",
  month     =  "1~" # jan,
  year      =  2011,
  keywords  = "multidrug resistance; fungicide resistance; botryticides;Thesis
               References/03\_Inhibition;Thesis References"
}

@ARTICLE{Kretschmer2009,
  title       = "Fungicide-driven evolution and molecular basis of multidrug
                 resistance in field populations of the grey mould fungus
                 \textit{Botrytis cinerea}",
  author      = "Kretschmer, Matthias and Leroch, Michaela and Mosbach, Andreas
                 and Walker, Anne-Sophie and Fillinger, Sabine and Mernke,
                 Dennis and Schoonbeek, Henk-Jan and Pradier, Jean-Marc and
                 Leroux, Pierre and De Waard, Maarten A and Hahn, Matthias",
  affiliation = "Department of Biology, University of Kaiserslautern,
                 Kaiserslautern, Germany.",
  journal     = "PLoS Pathog.",
  volume      =  5,
  number      =  12,
  pages       = "e1000696",
  month       =  dec,
  year        =  2009,
  keywords    = "Thesis References/03\_Inhibition;Thesis References"
}

@ARTICLE{Bashford2000,
  title       = "Generalized {Born} models of macromolecular solvation effects",
  author      = "Bashford, D and Case, D A",
  affiliation = "Department of Molecular Biology, The Scripps Research
                 Institute, La Jolla, California 92037, USA.
                 bashford@scripps.edu",
  journal     = "Annu. Rev. Phys. Chem.",
  volume      =  51,
  pages       = "129--152",
  year        =  2000,
  keywords    = "Thesis References;Thesis References/02\_Rhodopsin/Structural"
}

@ARTICLE{Onufriev2000,
  title     = "Modification of the generalized {Born} model suitable for
               macromolecules",
  author    = "Onufriev, Alexey and Bashford, Donald and David, A",
  journal   = "J. Phys. Chem. B",
  publisher = "ACS Publications",
  volume    =  104,
  number    =  15,
  pages     = "3712--3720",
  year      =  2000,
  keywords  = "Thesis References/02\_Rhodopsin/Structural;Thesis References"
}

@ARTICLE{Stamatakis2014,
  title       = "{RAxML} version 8: a tool for phylogenetic analysis and
                 post-analysis of large phylogenies",
  author      = "Stamatakis, Alexandros",
  affiliation = "Scientific Computing Group, Heidelberg Institute for
                 Theoretical Studies, 69118 Heidelberg and Department of
                 Informatics, Institute of Theoretical Informatics, Karlsruhe
                 Institute of Technology, 76128 Karlsruhe, Germany.",
  journal     = "Bioinformatics",
  volume      =  30,
  number      =  9,
  pages       = "1312--1313",
  month       =  "1~" # may,
  year        =  2014,
  keywords    = "Thesis References/04\_Coelomomyces;Thesis References;Thesis
                 References/02\_Rhodopsin/Auxillary"
}

% The entry below contains non-ASCII chars that could not be converted
% to a LaTeX equivalent.
@ARTICLE{Beitz2000texshade,
  title    = "{TeXshade}: shading and labeling of multiple sequence alignments
              using {LaTeX2É›}",
  author   = "Beitz, Eric",
  journal  = "Bioinformatics",
  volume   =  16,
  number   =  2,
  pages    = "135--139",
  month    =  "1~" # feb,
  year     =  2000,
  keywords = "Thesis References/02\_Rhodopsin/Auxillary;Thesis References"
}

@ARTICLE{Freeman2009,
  title       = "Evidence that chytrids dominate fungal communities in
                 high-elevation soils",
  author      = "Freeman, K R and Martin, A P and Karki, D and Lynch, R C and
                 Mitter, M S and Meyer, Allen F and Longcore, Joyce E and
                 Simmons, D Rabern and Schmidt, Steve K",
  affiliation = "Department of Ecology and Evolutionary Biology, University of
                 Colorado, Boulder, CO 80309-0334, USA.",
  journal     = "Proc. Natl. Acad. Sci. U. S. A.",
  volume      =  106,
  number      =  43,
  pages       = "18315--18320",
  month       =  "27~" # oct,
  year        =  2009,
  keywords    = "Altitude; Base Sequence; Biodiversity; Carbon; Carbon:
                 metabolism; Chytridiomycota; Chytridiomycota: genetics;
                 Chytridiomycota: growth \& development; Chytridiomycota:
                 metabolism; Ecosystem; Molecular Sequence Data; Phylogeny;
                 Soil Microbiology;Thesis References/01\_Intro;Thesis
                 References;Fungi/Chytrids;Fungi"
}

@ARTICLE{Watson1996,
  title       = "A novel form of the {G} protein $\beta$ subunit G$\beta$5 is
                 specifically expressed in the vertebrate retina",
  author      = "Watson, A J and Aragay, A M and Slepak, V Z and Simon, M I",
  affiliation = "Division of Biology, 147-75, California Institute of
                 Technology, Pasadena, California 91125, USA.",
  journal     = "J. Biol. Chem.",
  volume      =  271,
  number      =  45,
  pages       = "28154--28160",
  month       =  "8~" # nov,
  year        =  1996,
  keywords    = "Thesis References/02\_Rhodopsin/Auxillary;Thesis References"
}

@ARTICLE{Simon1991,
  title       = "Diversity of {G} proteins in signal transduction",
  author      = "Simon, M I and Strathmann, M P and Gautam, N",
  affiliation = "Division of Biology, California Institute of Technology,
                 Pasadena 91125.",
  journal     = "Science",
  volume      =  252,
  number      =  5007,
  pages       = "802--808",
  month       =  "10~" # may,
  year        =  1991,
  keywords    = "Thesis References/02\_Rhodopsin/Structural;Thesis References"
}

@ARTICLE{Ray1995,
  title       = "Isolation of {cDNA} clones encoding eight different human {G}
                 protein $\gamma$ subunits, including three novel forms
                 designated the $\gamma$4, $\gamma$10, and $\gamma$11 subunits",
  author      = "Ray, K and Kunsch, C and Bonner, L M and Robishaw, J D",
  affiliation = "Weis Center for Research, Geisinger Clinic, Danville,
                 Pennsylvania 17822, USA.",
  journal     = "J. Biol. Chem.",
  volume      =  270,
  number      =  37,
  pages       = "21765--21771",
  month       =  "15~" # sep,
  year        =  1995,
  keywords    = "Thesis References/02\_Rhodopsin/Auxillary;Thesis References"
}

@ARTICLE{Clark1993,
  title       = "Interactions among the subunits of the {G} protein involved in
                 \textit{Saccharomyces cerevisiae} mating",
  author      = "Clark, K L and Dignard, D and Thomas, D Y and Whiteway, M",
  affiliation = "Biotechnology Research Institute, National Research Council of
                 Canada, Montreal, Quebec.",
  journal     = "Mol. Cell. Biol.",
  volume      =  13,
  number      =  1,
  pages       = "1--8",
  month       =  jan,
  year        =  1993,
  keywords    = "Thesis References/02\_Rhodopsin/Auxillary;Thesis References"
}

@ARTICLE{Clapham1997,
  title       = "{G} protein $\beta$$\gamma$ subunits",
  author      = "Clapham, D E and Neer, E J",
  affiliation = "Department of Neurobiology and Children's Hospital, Harvard
                 Medical School, Boston, Massachusetts 02115, USA.",
  journal     = "Annu. Rev. Pharmacol. Toxicol.",
  volume      =  37,
  pages       = "167--203",
  year        =  1997,
  keywords    = "Thesis References/02\_Rhodopsin/Auxillary;Thesis References"
}

@ARTICLE{Krystofova2005,
  title       = "The heterotrimeric G-protein subunits {GNG-1} and {GNB-1} form
                 a {G}$\beta$$\gamma$ dimer required for normal female
                 fertility, asexual development, and {G}$\alpha$ protein levels
                 in \textit{Neurospora crassa}",
  author      = "Krystofova, Svetlana and Borkovich, Katherine A",
  affiliation = "Department of Plant Pathology, University of
                 California-Riverside, Riverside, CA 92521, USA.",
  journal     = "Eukaryot. Cell",
  volume      =  4,
  number      =  2,
  pages       = "365--378",
  month       =  feb,
  year        =  2005,
  keywords    = "Thesis References/02\_Rhodopsin/Auxillary;Thesis References"
}

@ARTICLE{Ivey1996,
  title       = "The G$\alpha$i homologue \textit{gna-1} controls multiple
                 differentiation pathways in \textit{Neurospora crassa}",
  author      = "Ivey, F D and Hodge, P N and Turner, G E and Borkovich, K A",
  affiliation = "Department of Microbiology and Molecular Genetics, University
                 of Texas-Houston Medical School 77030, USA.",
  journal     = "Mol. Biol. Cell",
  volume      =  7,
  number      =  8,
  pages       = "1283--1297",
  month       =  aug,
  year        =  1996,
  keywords    = "Thesis References/02\_Rhodopsin/Auxillary;Thesis References"
}

@ARTICLE{Myers2000,
  title       = "A whole-genome assembly of \textit{Drosophila}",
  author      = "Myers, E W and Sutton, G G and Delcher, A L and Dew, I M and
                 Fasulo, D P and Flanigan, M J and Kravitz, S A and Mobarry, C
                 M and Reinert, K H and Remington, K A and Anson, E L and
                 Bolanos, R A and Chou, H H and Jordan, C M and Halpern, A L
                 and Lonardi, S and Beasley, E M and Brandon, R C and Chen, L
                 and Dunn, P J and Lai, Z and Liang, Y and Nusskern, D R and
                 Zhan, M and Zhang, Q and Zheng, X and Rubin, G M and Adams, M
                 D and Venter, J C",
  affiliation = "Celera Genomics, Inc., 45 West Gude Drive, Rockville, MD
                 20850, USA. Gene.Myers@celera.com",
  journal     = "Science",
  volume      =  287,
  number      =  5461,
  pages       = "2196--2204",
  month       =  "24~" # mar,
  year        =  2000,
  keywords    = "Thesis References/03\_Inhibition;Thesis References"
}

@BOOK{Sherris1994,
  title     = "Sherris medical microbiology: an introduction to infectious
               diseases",
  author    = "Sherris, John C",
  editor    = "Ryan, Kenneth James and Ray, George C",
  publisher = "McGraw-Hill Medical Publishing",
  year      =  1994,
  keywords  = "Thesis References/03\_Inhibition;Thesis References"
}

@ARTICLE{Dean2012,
  title       = "The Top 10 fungal pathogens in molecular plant pathology",
  author      = "Dean, Ralph and Van Kan, Jan A L and Pretorius, Zacharias A
                 and Hammond-Kosack, Kim E and Di Pietro, Antonio and Spanu,
                 Pietro D and Rudd, Jason J and Dickman, Marty and Kahmann,
                 Regine and Ellis, Jeff and Foster, Gary D",
  affiliation = "Department of Plant Pathology, Fungal Genomics Laboratory,
                 North Carolina State University, Raleigh, NC 27695, USA.",
  journal     = "Mol. Plant Pathol.",
  volume      =  13,
  number      =  4,
  pages       = "414--430",
  month       =  may,
  year        =  2012,
  keywords    = "Thesis References/03\_Inhibition;Thesis References"
}

@ARTICLE{Bruns1991,
  title     = "Fungal Molecular Systematics",
  author    = "Bruns, Thomas D and White, Thomas J and Taylor, John W",
  journal   = "Annu. Rev. Ecol. Syst.",
  publisher = "Annual Reviews",
  volume    =  22,
  pages     = "525--564",
  month     =  "1~" # jan,
  year      =  1991,
  keywords  = "Thesis References/01\_Intro;Thesis References"
}

@ARTICLE{Bruns1992,
  title       = "Evolutionary relationships within the {Fungi}: analyses of
                 nuclear small subunit {rRNA} sequences",
  author      = "Bruns, T D and Vilgalys, R and Barns, S M and Gonzalez, D and
                 Hibbett, D S and Lane, D J and Simon, L and Stickel, S and
                 Szaro, T M and Weisburg, W G",
  affiliation = "Department of Plant Pathology, University of California
                 Berkeley 94720.",
  journal     = "Mol. Phylogenet. Evol.",
  volume      =  1,
  number      =  3,
  pages       = "231--241",
  month       =  sep,
  year        =  1992,
  keywords    = "Thesis References/01\_Intro;Thesis References"
}

@ARTICLE{RuizTrillo2007,
  title       = "The origins of multicellularity: a multi-taxon genome
                 initiative",
  author      = "Ruiz-Trillo, I\~{n}aki and Burger, Gertraud and Holland, Peter
                 W H and King, Nicole and Lang, B Franz and Roger, Andrew J and
                 Gray, Michael W",
  affiliation = "Canadian Institute for Advanced Research, Program in
                 Evolutionary Biology, Department of Biochemistry and Molecular
                 Biology, Dalhousie University, Halifax, Nova Scotia, Canada.",
  journal     = "Trends Genet.",
  volume      =  23,
  number      =  3,
  pages       = "113--118",
  month       =  mar,
  year        =  2007,
  keywords    = "Thesis References/01\_Intro;Thesis References"
}

@BOOK{Samson1988,
  title     = "Atlas of {Entomopathogenic} {Fungi}",
  author    = "{Robert A. Samson} and {Harry C. Evans} and Latg\'{e}, Jean-Paul",
  publisher = "Springer Berlin Heidelberg",
  year      =  1988,
  keywords  = "Thesis References/01\_Intro;Thesis References"
}

@ARTICLE{Tedersoo2014,
  title       = "Global diversity and geography of soil fungi",
  author      = "Tedersoo, Leho and Bahram, Mohammad and P\~{o}lme, Sergei and
                 K\~{o}ljalg, Urmas and Yorou, Nourou S and Wijesundera, Ravi
                 and Villarreal Ruiz, Luis and Vasco-Palacios, A\'{\i}da M and
                 Thu, Pham Quang and Suija, Ave and Smith, Matthew E and Sharp,
                 Cathy and Saluveer, Erki and Saitta, Alessandro and Rosas,
                 Miguel and Riit, Taavi and Ratkowsky, David and Pritsch, Karin
                 and P\~{o}ldmaa, Kadri and Piepenbring, Meike and Phosri,
                 Cherdchai and Peterson, Marko and Parts, Kaarin and
                 P{\"{a}}rtel, Kadri and Otsing, Eveli and Nouhra, Eduardo and
                 Njouonkou, Andr\'{e} L and Nilsson, R Henrik and Morgado, Luis
                 N and Mayor, Jordan and May, Tom W and Majuakim, Luiza and
                 Lodge, D Jean and Lee, Su See and Larsson, Karl-Henrik and
                 Kohout, Petr and Hosaka, Kentaro and Hiiesalu, Indrek and
                 Henkel, Terry W and Harend, Helery and Guo, Liang-Dong and
                 Greslebin, Alina and Grelet, Gwen and Geml, Jozsef and Gates,
                 Genevieve and Dunstan, William and Dunk, Chris and Drenkhan,
                 Rein and Dearnaley, John and De Kesel, Andr\'{e} and Dang, Tan
                 and Chen, Xin and Buegger, Franz and Brearley, Francis Q and
                 Bonito, Gregory and Anslan, Sten and Abell, Sandra and
                 Abarenkov, Kessy",
  affiliation = "Natural History Museum, University of Tartu, Tartu, Estonia.
                 leho.tedersoo@ut.ee. Institute of Ecology and Earth Sciences,
                 University of Tartu, Tartu, Estonia. Natural History Museum,
                 University of Tartu, Tartu, Estonia. Institute of Ecology and
                 Earth Sciences, University of Tartu, Tartu, Estonia.
                 Facult\'{e} d'Agronomie, Universit\'{e} de Parakou, Parakou,
                 Benin. Department of Plant Sciences, University of Colombo,
                 Colombo 3, Sri Lanka. Postgrado en Recursos Gen\'{e}ticos y
                 Productividad-Gen\'{e}tica, LARGEMBIO, Colegio de
                 Postgraduados-L\'{\i}neas Prioritarias de Investigaci\'{o}n 6,
                 M\'{e}xico City, Mexico. The Fungal Biodiversity Centre,
                 Centraalbureau voor Schimmelcultures-Royal Netherlands Academy
                 of Arts and Sciences, Utrecht, Netherlands. Vietnamese Academy
                 of Forest Sciences, Hanoi, Vietnam. Institute of Ecology and
                 Earth Sciences, University of Tartu, Tartu, Estonia.
                 Department of Plant Pathology, University of Florida,
                 Gainesville, FL, USA. Natural History Museum, Bulawayo,
                 Zimbabwe. Institute of Ecology and Earth Sciences, University
                 of Tartu, Tartu, Estonia. Department of Agricultural and
                 Forest Sciences, Universit\`{a} di Palermo, Palermo, Italy.
                 Department of Mycology, Goethe University Frankfurt, Frankfurt
                 am Main, Germany. Institute of Ecology and Earth Sciences,
                 University of Tartu, Tartu, Estonia. Tasmanian Institute of
                 Agriculture, Hobart, Tasmania, Australia. Institute of Soil
                 Ecology, Helmholtz Zentrum M{\"{u}}nchen, Neuherberg, Germany.
                 Institute of Ecology and Earth Sciences, University of Tartu,
                 Tartu, Estonia. Department of Mycology, Goethe University
                 Frankfurt, Frankfurt am Main, Germany. Department of Biology,
                 Nakhon Phanom University, Nakhon Phanom, Thailand. Institute
                 of Ecology and Earth Sciences, University of Tartu, Tartu,
                 Estonia. Institute of Ecology and Earth Sciences, University
                 of Tartu, Tartu, Estonia. Institute of Ecology and Earth
                 Sciences, University of Tartu, Tartu, Estonia. Institute of
                 Ecology and Earth Sciences, University of Tartu, Tartu,
                 Estonia. Instituto Multidisciplinario de Biolog\'{\i}a
                 Vegetal, C\'{o}rdoba, Argentina. Department of Biological
                 Sciences, University of Bamenda, Bambili, Cameroon. Department
                 of Biological and Environmental Sciences, University of
                 Gothenburg, G{\"{o}}teborg, Sweden. Naturalis Biodiversity
                 Center, Leiden, Netherlands. Department of Forest Ecology and
                 Management, Swedish University of Agricultural Sciences,
                 Ume\aa{}, Sweden. Royal Botanic Gardens Melbourne, Melbourne,
                 Victoria, Australia. Institute for Tropical Biology and
                 Conservation, University Malaysia Sabah, Sabah, Malaysia.
                 Center for Forest Mycology Research, U.S. Department of
                 Agriculture--Forest Service, Luquillo, Puerto Rico. Forest
                 Research Institute Malaysia, Kepong, Selangor, Malaysia.
                 Natural History Museum, University of Oslo, Oslo, Norway.
                 Institute of Ecology and Earth Sciences, University of Tartu,
                 Tartu, Estonia. Department of Botany, National Museum of
                 Nature and Science, Tsukuba, Japan. Institute of Ecology and
                 Earth Sciences, University of Tartu, Tartu, Estonia.
                 Department of Biological Sciences, Humboldt State University,
                 Arcata, CA, USA. Institute of Ecology and Earth Sciences,
                 University of Tartu, Tartu, Estonia. State Key Laboratory of
                 Mycology, Institute of Microbiology, Chinese Academy of
                 Sciences, Beijing, China. Consejo Nacional de Investigaciones
                 Cient\'{\i}ficas y T\'{e}cnicas-Facultad de Cs. Naturales,
                 Universidad Nacional de la Patagonia SJB, Esquel, Chubut,
                 Argentina. Ecosystems and Global Change team, Landcare
                 Research, Lincoln, New Zealand. Naturalis Biodiversity Center,
                 Leiden, Netherlands. Tasmanian Institute of Agriculture,
                 Hobart, Tasmania, Australia. School of Veterinary \& Life
                 Sciences, Murdoch University, Western Australia, Australia.
                 Department of Forest Ecology and Management, Swedish
                 University of Agricultural Sciences, Ume\aa{}, Sweden.
                 Institute of Forestry and Rural Engineering, Estonian
                 University of Life Sciences, Tartu, Estonia. Faculty of
                 Health, Engineering and Sciences, University of Southern
                 Queensland, Toowoomba, Queensland, Australia. Botanic Garden
                 Meise, Meise, Belgium. Vietnamese Academy of Forest Sciences,
                 Hanoi, Vietnam. College of Life Sciences, Zhejiag University,
                 Hangzhou 310058, China. Institute of Soil Ecology, Helmholtz
                 Zentrum M{\"{u}}nchen, Neuherberg, Germany. School of Science
                 and the Environment, Manchester Metropolitan University,
                 Manchester, UK. Royal Botanic Gardens Melbourne, Melbourne,
                 Victoria, Australia. Institute of Ecology and Earth Sciences,
                 University of Tartu, Tartu, Estonia. School of Marine and
                 Tropical Biology, James Cook University, Cairns, Queensland,
                 Australia. Natural History Museum, University of Tartu, Tartu,
                 Estonia.",
  journal     = "Science",
  volume      =  346,
  number      =  6213,
  pages       = "1256688",
  month       =  "28~" # nov,
  year        =  2014,
  keywords    = "Thesis References/01\_Intro;Thesis References"
}

@ARTICLE{Letcher2014,
  title       = "\textit{Irineochytrium}, a new genus in {Chytridiales} having
                 zoospores and aplanospores",
  author      = "Letcher, Peter M and Longcore, Joyce E and Powell, Martha J",
  affiliation = "Department of Biological Sciences, University of Alabama,
                 Tuscaloosa, Alabama 35487 letch006@bama.ua.edu. School of
                 Biology and Ecology, University of Maine, Orono, Maine 04469.
                 Department of Biological Sciences, University of Alabama,
                 Tuscaloosa, Alabama 35487.",
  journal     = "Mycologia",
  volume      =  106,
  number      =  6,
  pages       = "1188--1198",
  month       =  nov,
  year        =  2014,
  keywords    = "Chytridiomycetes; morphology; systematics; taxonomy;
                 ultrastructure;Thesis References/01\_Intro;Thesis References"
}

@ARTICLE{Gruninger2014,
  title       = "Anaerobic fungi (phylum \textit{Neocallimastigomycota}):
                 advances in understanding their taxonomy, life cycle, ecology,
                 role and biotechnological potential",
  author      = "Gruninger, Robert J and Puniya, Anil K and Callaghan, Tony M
                 and Edwards, Joan E and Youssef, Noha and Dagar, Sumit S and
                 Fliegerova, Katerina and Griffith, Gareth W and Forster,
                 Robert and Tsang, Adrian and McAllister, Tim and Elshahed,
                 Mostafa S",
  affiliation = "Agriculture and Agri-Food Canada, Lethbridge, AB, Canada.",
  journal     = "FEMS Microbiol. Ecol.",
  volume      =  90,
  number      =  1,
  pages       = "1--17",
  month       =  oct,
  year        =  2014,
  keywords    = "biotechnology; fungal genomics; gut fungi; herbivore; rumen
                 fungi;Thesis References;Thesis References/01\_Intro"
}

@ARTICLE{Dee2015,
  title       = "Cytology and molecular phylogenetics of Monoblepharidomycetes
                 provide evidence for multiple independent origins of the
                 hyphal habit in the Fungi",
  author      = "Dee, Jaclyn and Mollicone, Marilyn Rose Noyes and Longcore,
                 Joyce E and Roberson, Robert W and Berbee, Mary",
  affiliation = "University of British Columbia, Vancouver, Canada
                 deej@mail.ubc.ca. University of Maine, Orono, ME. School of
                 Biology and Ecology, University of Maine, Orono, Maine, 04469,
                 United States of America. School of Life Sciences, Arizona
                 State University, Tempe, Arizona, 85287-1601, United States of
                 America. Botany, University of British Columbia, Vancouver,
                 BC, VST 1Z4, Canada.",
  journal     = "Mycologia",
  month       =  "24~" # apr,
  year        =  2015,
  keywords    = "Chytridiomycota; actin; ancestral state reconstruction;
                 chytrids; evolution; hyphae;Thesis References/01\_Intro;Thesis
                 References"
}

@ARTICLE{DeVries2000,
  title    = "The Regulator of {G} Protein Signaling Family",
  author   = "De Vries, Luc and Zheng, Bin and Fischer, Thierry and Elenko,
              Eric and Farquhar, Marilyn G",
  journal  = "Annu. Rev. Pharmacol. Toxicol.",
  volume   =  40,
  pages    = "235--271",
  year     =  2000,
  keywords = "Thesis References/02\_Rhodopsin/Auxillary;Thesis References"
}

@MANUAL{AMBER2015,
  title       = "{AMBER} 2015",
  author      = "Case, David A and Berryman, Josh T and Betz, Robin M and
                 Cerutti, David S and Cheatham, III, Thomas E and Darden, Tom A
                 and Duke, Robert E and Giese, Tim J and Gohlke, Holger and
                 Goetz, Andreas W and Homeyer, Nadine and Izadi, Saeed and
                 Janowski, Pawel and Kaus, Joe and Kovalenko, Andriy and Lee,
                 Taisung and LeGrand, Scott and Li, Pengfei and Luchko, Tyler
                 and Luo, Ray and Madej, Ben and Merz, Kenneth M and Monard,
                 Gerald and Needham, Perri and Nguyen, Hung T and Omelyan, Igor
                 and Onufriev, Alexey and Roe, Daniel R and Roitberg, Adrian
                 and Salomon-Ferrer, Romelia and Simmerling, Carlos L and
                 Smith, Wes and Swails, Jason and Walker, Ross C and Wang,
                 Junmei and Wolf, Romain M and Wu, Xiongwu and York, Darrin M
                 and and Kollman, Peter A",
  institution = "University of California, San Francisco",
  year        =  2015,
  keywords    = "Thesis References/02\_Rhodopsin/Structural;Thesis References"
}

@ARTICLE{Irwin2005,
  title       = "{ZINC--a} free database of commercially available compounds
                 for virtual screening",
  author      = "Irwin, John J and Shoichet, Brian K",
  affiliation = "Department of Pharmaceutical Chemistry, University of
                 California San Francisco, Genentech Hall, 600 16th Street, San
                 Francisco, California 94143, USA.",
  journal     = "J. Chem. Inf. Model.",
  volume      =  45,
  number      =  1,
  pages       = "177--182",
  month       =  jan,
  year        =  2005,
  keywords    = "Thesis References/02\_Rhodopsin/Structural;Thesis References"
}

@ARTICLE{Lu2008,
  title       = "{OPUS-Rota}: a fast and accurate method for side-chain
                 modeling",
  author      = "Lu, Mingyang and Dousis, Athanasios D and Ma, Jianpeng",
  affiliation = "Verna and Marrs McLean Department of Biochemistry and
                 Molecular Biology, Baylor College of Medicine, Houston, Texas
                 77030, USA.",
  journal     = "Protein Sci.",
  volume      =  17,
  number      =  9,
  pages       = "1576--1585",
  month       =  sep,
  year        =  2008,
  keywords    = "Thesis References/02\_Rhodopsin/Structural;Thesis References"
}

@ARTICLE{Wiederstein2007,
  title       = "{ProSA-web}: interactive web service for the recognition of
                 errors in three-dimensional structures of proteins",
  author      = "Wiederstein, Markus and Sippl, Manfred J",
  affiliation = "Center of Applied Molecular Engineering, Division of
                 Bioinformatics, University of Salzburg, Hellbrunnerstrasse 34,
                 5020 Salzburg, Austria.",
  journal     = "Nucleic Acids Res.",
  volume      =  35,
  number      = "Web Server issue",
  pages       = "W407--10",
  month       =  jul,
  year        =  2007,
  keywords    = "Thesis References/02\_Rhodopsin/Structural;Thesis References"
}

@ARTICLE{Khaldi2010,
  title       = "{SMURF}: Genomic mapping of fungal secondary metabolite
                 clusters",
  author      = "Khaldi, Nora and Seifuddin, Fayaz T and Turner, Geoff and
                 Haft, Daniel and Nierman, William C and Wolfe, Kenneth H and
                 Fedorova, Natalie D",
  affiliation = "Smurfit Institute of Genetics, Trinity College, Dublin,
                 Ireland.",
  journal     = "Fungal Genet. Biol.",
  volume      =  47,
  number      =  9,
  pages       = "736--741",
  month       =  sep,
  year        =  2010,
  keywords    = "Thesis References/03\_Inhibition;Thesis References"
}

@ARTICLE{James2000,
  title    = "Molecular phylogenetics of the \textit{Chytridiomycota} supports
              the utility of ultrastructural data in chytrid systematics",
  author   = "James, Timothy Y and Porter, David and Leander, Celeste A and
              Vilgalys, Rytas and Longcore, Joyce E",
  journal  = "Can. J. Bot.",
  volume   =  78,
  number   =  3,
  pages    = "336--350",
  year     =  2000,
  keywords = "Thesis References/01\_Intro;Thesis References"
}

@ARTICLE{Held1973,
  title    = "Encystment and germination of the parasitic chytrid
              \textit{Rozella allomycis} on host hyphae",
  author   = "Held, Abraham A",
  journal  = "Can. J. Bot.",
  volume   =  51,
  number   =  10,
  pages    = "1825--1835",
  year     =  1973,
  keywords = "Thesis References/01\_Intro;Thesis References"
}

@ARTICLE{Orpin1975,
  title    = "Studies on the rumen flagellate \textit{Neocallimastix frontalis}",
  author   = "Orpin, C G",
  journal  = "J. Gen. Microbiol.",
  volume   =  91,
  number   =  2,
  pages    = "249--262",
  month    =  dec,
  year     =  1975,
  keywords = "Thesis References;Thesis References/01\_Intro"
}

@ARTICLE{Ho1995,
  title     = "Classification of Anaerobic Gut Fungi from Herbivores with
               Emphasis on Rumen Fungi from {Malaysia}",
  author    = "Ho, Y W and Barr, D J S",
  journal   = "Mycologia",
  publisher = "Mycological Society of America",
  volume    =  87,
  number    =  5,
  pages     = "655--677",
  month     =  "1~" # sep,
  year      =  1995,
  keywords  = "Thesis References;Thesis References/01\_Intro"
}

@ARTICLE{Neves2002,
  title       = "{G} protein pathways",
  author      = "Neves, Susana R and Ram, Prahlad T and Iyengar, Ravi",
  affiliation = "Department of Pharmacology and Biological Chemistry, Mount
                 Sinai School of Medicine, New York, NY 10029, USA.",
  journal     = "Science",
  volume      =  296,
  number      =  5573,
  pages       = "1636--1639",
  month       =  "31~" # may,
  year        =  2002,
  keywords    = "Thesis References;Thesis References/02\_Rhodopsin/Auxillary"
}

@ARTICLE{Lagerstrom2008,
  title       = "Structural diversity of {G} protein-coupled receptors and
                 significance for drug discovery",
  author      = "Lagerstr{\"{o}}m, Malin C and Schi{\"{o}}th, Helgi B",
  affiliation = "Department of Neuroscience, Functional Pharmacology, Uppsala
                 University, BMC, BOX 593, 751 24, Uppsala, Sweden.",
  journal     = "Nat. Rev. Drug Discov.",
  volume      =  7,
  number      =  4,
  pages       = "339--357",
  month       =  apr,
  year        =  2008,
  keywords    = "Thesis References/02\_Rhodopsin/Auxillary;Thesis References"
}

@ARTICLE{Luthy1992,
  title       = "Assessment of protein models with three-dimensional profiles",
  author      = "L{\"{u}}thy, R and Bowie, J U and Eisenberg, D",
  affiliation = "Molecular Biology Institute, UCLA 90024-1570.",
  journal     = "Nature",
  volume      =  356,
  number      =  6364,
  pages       = "83--85",
  month       =  "5~" # mar,
  year        =  1992,
  keywords    = "Thesis References/02\_Rhodopsin/Structural;Thesis References"
}

@ARTICLE{Backman2011-dl,
  title       = "{ChemMine} tools: an online service for analyzing and
                 clustering small molecules",
  author      = "Backman, Tyler W H and Cao, Yiqun and Girke, Thomas",
  affiliation = "Department of Botany and Plant Sciences, University of
                 California Riverside, Riverside, CA 92521, USA.",
  journal     = "Nucleic Acids Res.",
  volume      =  39,
  number      = "Web Server issue",
  pages       = "W486--91",
  month       =  jul,
  year        =  2011,
  keywords    = "Thesis References/02\_Rhodopsin/Structural;Thesis References"
}

@ARTICLE{Bolger2014,
  title    = "Trimmomatic: A flexible trimmer for {Illumina} Sequence Data",
  author   = "Bolger, Anthony M and Lohse, Marc and Usadel, Bjoern",
  journal  = "Bioinformatics",
  month    =  "1~" # apr,
  year     =  2014,
  keywords = "Thesis References/04\_Coelomomyces;Thesis References"
}

@ARTICLE{FritzLaylin2011,
  title       = "The \textit{Naegleria} genome: a free-living microbial
                 eukaryote lends unique insights into core eukaryotic cell
                 biology",
  author      = "Fritz-Laylin, Lillian K and Ginger, Michael L and Walsh,
                 Charles and Dawson, Scott C and Fulton, Chandler",
  affiliation = "Department of Cellular and Molecular Pharmacology, UCSF
                 Medical School, San Francisco, CA 94107, USA.
                 fritzlaylin@gmail.com",
  journal     = "Res. Microbiol.",
  volume      =  162,
  number      =  6,
  pages       = "607--618",
  month       =  jul,
  year        =  2011,
  keywords    = "Thesis References/10\_Appendix;Thesis References"
}

@ARTICLE{Wald1968,
  title    = "The Molecular Basis of Visual Excitation",
  author   = "Wald, George",
  journal  = "Nature",
  volume   =  219,
  pages    = "800--807",
  year     =  1968,
  keywords = "Thesis References/01\_Intro;Thesis References"
}

@ARTICLE{VonLintig2000,
  title    = "Filling the Gap in Vitamin A Research: Molecular Identification
              of an Enzyme Cleaving $\beta$-Carotene to Retinal",
  author   = "von Lintig, Johannes and Vogt, Klaus",
  journal  = "J. Biol. Chem.",
  volume   =  275,
  number   =  16,
  pages    = "11915--11920",
  month    =  "21~" # apr,
  year     =  2000,
  keywords = "Carotenogenesis;Thesis References/01\_Intro;Thesis References"
}

@ARTICLE{Liu2006,
  title       = "Loss of the flagellum happened only once in the fungal
                 lineage: phylogenetic structure of kingdom {Fungi} inferred
                 from {RNA} polymerase {II} subunit genes",
  author      = "Liu, Yajuan J and Hodson, Matthew C and Hall, Benjamin D",
  affiliation = "Departments of Biology and Genome Sciences, University of
                 Washington, Seattle, WA 98195, USA. yajuan@u.washington.edu",
  journal     = "BMC Evol. Biol.",
  volume      =  6,
  pages       = "74",
  month       =  "29~" # sep,
  year        =  2006,
  keywords    = "Thesis References/01\_Intro;Thesis References;Thesis
                 References/10\_Appendix"
}

@ARTICLE{Wang1999,
  title       = "Divergence time estimates for the early history of animal
                 phyla and the origin of plants, animals and fungi",
  author      = "Wang, D Y and Kumar, S and Hedges, S B",
  affiliation = "Department of Biology, Pennsylvania State University,
                 University Park 16802, USA.",
  journal     = "Proc. Biol. Sci.",
  volume      =  266,
  number      =  1415,
  pages       = "163--171",
  month       =  "22~" # jan,
  year        =  1999,
  keywords    = "Thesis References/01\_Intro;Thesis References"
}

@ARTICLE{Borkovich2004,
  title       = "Lessons from the genome sequence of \textit{Neurospora
                 crassa}: tracing the path from genomic blueprint to
                 multicellular organism",
  author      = "Borkovich, Katherine A and Alex, Lisa A and Yarden, Oded and
                 Freitag, Michael and Turner, Gloria E and Read, Nick D and
                 Seiler, Stephan and Bell-Pedersen, Deborah and Paietta, John
                 and Plesofsky, Nora and Plamann, Michael and
                 Goodrich-Tanrikulu, Marta and Schulte, Ulrich and Mannhaupt,
                 Gertrud and Nargang, Frank E and Radford, Alan and
                 Selitrennikoff, Claude and Galagan, James E and Dunlap, Jay C
                 and Loros, Jennifer J and Catcheside, David and Inoue,
                 Hirokazu and Aramayo, Rodolfo and Polymenis, Michael and
                 Selker, Eric U and Sachs, Matthew S and Marzluf, George A and
                 Paulsen, Ian and Davis, Rowland and Ebbole, Daniel J and
                 Zelter, Alex and Kalkman, Eric R and O'Rourke, Rebecca and
                 Bowring, Frederick and Yeadon, Jane and Ishii, Chizu and
                 Suzuki, Keiichiro and Sakai, Wataru and Pratt, Robert",
  affiliation = "Department of Plant Pathology, University of California,
                 Riverside, California 92521, USA. Katherine/Borkovich@ucr.edu",
  journal     = "Microbiol. Mol. Biol. Rev.",
  volume      =  68,
  number      =  1,
  pages       = "1--108",
  month       =  mar,
  year        =  2004,
  keywords    = "Ahrendt Coelomomyces Paper;Thesis
                 References/04\_Coelomomyces;Thesis References"
}

@ARTICLE{James2000,
  title    = "Molecular phylogenetics of the \textit{Chytridiomycota} supports
              the utility of ultrastructural data in chytrid systematics",
  author   = "James, Timothy Y and Porter, David and Leander, Celeste A and
              Vilgalys, Rytas and Longcore, Joyce E",
  journal  = "Can. J. Bot.",
  volume   =  78,
  number   =  3,
  pages    = "336--350",
  year     =  2000,
  keywords = "Fungi/Chytrids;Fungi;Thesis References/03\_Inhibition;Thesis
              References"
}

@ARTICLE{Taylor2006,
  title       = "Dating divergences in the {Fungal} {Tree} of {Life}: review
                 and new analyses",
  author      = "Taylor, John W and Berbee, Mary L",
  affiliation = "Department of Plant and Microbial Biology, University of
                 California, Berkeley 94720-3102, USA.
                 jtaylor@nature.berkeley.edu",
  journal     = "Mycologia",
  volume      =  98,
  number      =  6,
  pages       = "838--849",
  month       =  nov,
  year        =  2006,
  keywords    = "Animals; Birds; Birds: genetics; dating divergences;
                 Evolution; fossil fungi; Fungi; Fungi: classification; Fungi:
                 genetics; Mammals; Mammals: genetics; Molecular; Phylogeny;
                 Plants; Plants: genetics; Time;Phylogenetics;Thesis
                 References/01\_Intro;Unsorted/duplicates;Fungi;Thesis
                 References"
}

@ARTICLE{Doolittle1996,
  title       = "Determining divergence times of the major kingdoms of living
                 organisms with a protein clock",
  author      = "Doolittle, R F and Feng, D F and Tsang, S and Cho, G and
                 Little, E",
  affiliation = "Center for Molecular Genetics University of California, San
                 Diego, La Jolla 92093-0634, USA.",
  journal     = "Science",
  volume      =  271,
  number      =  5248,
  pages       = "470--477",
  month       =  "26~" # jan,
  year        =  1996,
  keywords    = "Thesis References/01\_Intro;Thesis References"
}

@ARTICLE{Berbee1993,
  title    = "Dating the evolutionary radiations of the true fungi",
  author   = "Berbee, Mary L and Taylor, John W",
  journal  = "Can. J. Bot.",
  volume   =  71,
  number   =  8,
  pages    = "1114--1127",
  year     =  1993,
  keywords = "Thesis References/01\_Intro;Thesis References"
}

@ARTICLE{Canter1967,
  title     = "Studies on {British} chytrids: {XXVI}. {A} critical examination
               of \textit{Zygorhizidium melosirae} {Canter} and \textit{Z.
               planktonicum} {Canter}",
  author    = "Canter, Hilda M",
  journal   = "Journal of the Linnean Society of London, Botany",
  publisher = "Blackwell Publishing Ltd",
  volume    =  60,
  number    =  381,
  pages     = "85--97",
  month     =  "1~" # feb,
  year      =  1967,
  keywords  = "Thesis References/01\_Intro;Thesis References"
}

@ARTICLE{Jones2011,
  title       = "Validation and justification of the phylum name
                 \textit{Cryptomycota} phyl. nov",
  author      = "Jones, Meredith D M and Richards, Thomas A and Hawksworth,
                 David L and Bass, David",
  affiliation = "School of Biosciences, University of Exeter, Exeter EX4 4QD,
                 UK;",
  journal     = "IMA Fungus",
  volume      =  2,
  number      =  2,
  pages       = "173--175",
  month       =  dec,
  year        =  2011,
  keywords    = "Fungi; Rozella; Rozellida; chitin; chytrid; phylogeny;Thesis
                 References/01\_Intro;Thesis References"
}

@ARTICLE{Davis2015,
  title       = "\textit{Fayochytriomyces}, a new genus within {Chytridiales}",
  author      = "Davis, William J and Letcher, Peter M and Longcore, Joyce E
                 and Powell, Martha J",
  affiliation = "Department of Biological Sciences, University of Alabama,
                 Tuscaloosa, Alabama 35487 wjdavis1@crimson.ua.edu. Department
                 of Biological Sciences, University of Alabama, Tuscaloosa,
                 Alabama 35487. School of Biology and Ecology, University of
                 Maine, Orono, Maine 04469. Department of Biological Sciences,
                 University of Alabama, Tuscaloosa, Alabama 35487.",
  journal     = "Mycologia",
  volume      =  107,
  number      =  2,
  pages       = "432--439",
  month       =  mar,
  year        =  2015,
  keywords    = "Chytridiomycota; cellulose; chytrid; sporangial ornamentation;
                 taxonomy;Thesis References/01\_Intro;Thesis References"
}

@BOOK{Couch1985,
  title     = "The {Genus} \textit{Coelomomyces}",
  author    = "Couch, John N and Bland, Charles E",
  publisher = "Academic Press, Inc",
  year      =  1985,
  address   = "Orlando, FL 32887",
  keywords  = "Thesis References/01\_Intro;Thesis References;Thesis
               References/04\_Coelomomyces"
}

@ARTICLE{Padua1986,
  title    = "\textit{In vivo} culture and life cycle of \textit{Coelomomyces
              stegomyiae}",
  author   = "Padua, Leodegario E and Whisler, Howard C and Gabriel, Bernardo P
              and Zebold, Stephen L",
  journal  = "J. Invertebr. Pathol.",
  volume   =  48,
  number   =  3,
  pages    = "284--288",
  month    =  nov,
  year     =  1986,
  keywords = "Coelomomyces stegomyiae; Phyllognathopus viguieri; Aedes aegypti;
              life cycle; in vivo culture; biological control; resistant
              sporangium germination;Thesis References;Thesis
              References/01\_Intro"
}

@ARTICLE{Davis1970,
  title    = "Genetic and Microbiological Research Techniques for
              \textit{Neurospora crassa}",
  author   = "de Serres, F. J., Davis, R H ,",
  journal  = "Meth. Enzymol.",
  year     =  1970,
  keywords = "Thesis References/03\_Inhibition;Thesis References"
}

@ARTICLE{Ribichich2005,
  title       = "Gene discovery and expression profile analysis through
                 sequencing of expressed sequence tags from different
                 developmental stages of the chytridiomycete
                 \textit{Blastocladiella emersonii}",
  author      = "Ribichich, Karina F and Salem-Izacc, Silvia M and Georg,
                 Raphaela C and V\^{e}ncio, Ricardo Z N and Navarro, Luci D and
                 Gomes, Suely L",
  affiliation = "Departamento de Bioqu\'{\i}mica, Instituto de Qu\'{\i}mica,
                 Universidade de S\~{a}o Paulo, Av. Prof. Lineu Prestes 748,
                 05508-000, S\~{a}o Paulo, SP, Brazil.",
  journal     = "Eukaryot. Cell",
  volume      =  4,
  number      =  2,
  pages       = "455--464",
  month       =  feb,
  year        =  2005,
  keywords    = "Thesis References/01\_Intro;Thesis References"
}

@ARTICLE{Barr1981,
  title    = "The phylogenetic and taxonomic implications of flagellar rootlet
              morphology among zoosporic fungi",
  author   = "Barr, D J",
  journal  = "Biosystems.",
  volume   =  14,
  number   = "3-4",
  pages    = "359--370",
  year     =  1981,
  keywords = "Thesis References/01\_Intro;Thesis References"
}

@ARTICLE{Thummel2002,
  title    = "Steroid signaling in plants and insects---common themes,
              different pathways",
  author   = "Thummel, Carl S and Chory, Joanne",
  journal  = "Genes Dev.",
  volume   =  16,
  number   =  24,
  pages    = "3113--3129",
  month    =  "15~" # dec,
  year     =  2002,
  keywords = "Thesis References/04\_Coelomomyces;Thesis References"
}

@ARTICLE{Kanehisa2000,
  title       = "{KEGG}: kyoto encyclopedia of genes and genomes",
  author      = "Kanehisa, M and Goto, S",
  affiliation = "Institute for Chemical Research, Kyoto University, Uji, Kyoto
                 611-0011, Japan. kanehisa@kuicr.kyoto-u.ac.jp",
  journal     = "Nucleic Acids Res.",
  volume      =  28,
  number      =  1,
  pages       = "27--30",
  month       =  "1~" # jan,
  year        =  2000,
  keywords    = "Thesis References/04\_Coelomomyces;Thesis References;Thesis
                 References/02\_Rhodopsin/Auxillary"
}

@ARTICLE{Kanehisa2014,
  title       = "Data, information, knowledge and principle: back to metabolism
                 in {KEGG}",
  author      = "Kanehisa, Minoru and Goto, Susumu and Sato, Yoko and
                 Kawashima, Masayuki and Furumichi, Miho and Tanabe, Mao",
  affiliation = "Institute for Chemical Research, Kyoto University, Uji, Kyoto
                 611-0011, Japan and Life Science Solutions Department, Fujitsu
                 Kyushu Systems Ltd., Sawara-ku, Fukuoka 814-8589, Japan.",
  journal     = "Nucleic Acids Res.",
  volume      =  42,
  number      = "Database issue",
  pages       = "D199--205",
  month       =  jan,
  year        =  2014,
  keywords    = "Thesis References;Thesis
                 References/02\_Rhodopsin/Auxillary;Thesis
                 References/04\_Coelomomyces"
}

@ARTICLE{Holm2010,
  title       = "Dali server: conservation mapping in {3D}",
  author      = "Holm, Liisa and Rosenstr{\"{o}}m, P{\"{a}}ivi",
  affiliation = "Institute of Biotechnology and Department of Biosciences,
                 University of Helsinki, Helsinki, Finland.
                 liisa.holm@helsinki.fi",
  journal     = "Nucleic Acids Res.",
  volume      =  38,
  number      = "Web Server issue",
  pages       = "W545--9",
  month       =  jul,
  year        =  2010,
  keywords    = "Thesis References/04\_Coelomomyces;Thesis References"
}

@ARTICLE{Rhodes1995,
  title     = "Effects of Late {Holocene} Forest Disturbance and Vegetation
               Change on {Acidic} {Mud} {Pond}, {Maine}, {USA}",
  author    = "Rhodes, Thomas E and Davis, Ronald B",
  journal   = "Ecology",
  publisher = "Ecological Society of America",
  volume    =  76,
  number    =  3,
  pages     = "734--746",
  month     =  "1~" # apr,
  year      =  1995,
  keywords  = "Ahrendt Inhibition Paper;Thesis References/03\_Inhibition;Thesis
               References"
}

@ARTICLE{Davis1994,
  title     = "Acidity of twelve northern New England ({U.S.A}.) lakes in
               recent centuries",
  author    = "Davis, Ronald B and Anderson, Dennis S and Norton, Stephen A and
               Whiting, Mark C",
  journal   = "J. Paleolimnol.",
  publisher = "Kluwer Academic Publishers",
  volume    =  12,
  number    =  2,
  pages     = "103--154",
  month     =  "1~" # jan,
  year      =  1994,
  keywords  = "Ahrendt Inhibition Paper;Thesis References/03\_Inhibition;Thesis
               References"
}

@ARTICLE{Lobo2012,
  title       = "{BCDO2} acts as a carotenoid scavenger and gatekeeper for the
                 mitochondrial apoptotic pathway",
  author      = "Lobo, Glenn P and Isken, Andrea and Hoff, Sylvia and Babino,
                 Darwin and von Lintig, Johannes",
  affiliation = "Case Western Reserve University, School of Medicine,
                 Department of Pharmacology, 10900 Euclid Avenue, Cleveland, OH
                 44106, USA.",
  journal     = "Development",
  volume      =  139,
  number      =  16,
  pages       = "2966--2977",
  month       =  aug,
  year        =  2012,
  keywords    = "Thesis References/01\_Intro;Thesis References"
}

@ARTICLE{Cunningham1994,
  title     = "Molecular Structure and Enzymatic Function of Lycopene Cyclase
               from the Cyanobacterium \textit{Synechococcus} sp Strain
               {PCC7942}",
  author    = "Cunningham, Jr., Francis X and Sun, Zairen and Chamovitz, Daniel
               and Hirschberg, Joseph and Gantt, Elisabeth",
  journal   = "Plant Cell",
  publisher = "American Society of Plant Biologists (ASPB)",
  volume    =  6,
  number    =  8,
  pages     = "1107--1121",
  month     =  "1~" # aug,
  year      =  1994,
  keywords  = "Thesis References/01\_Intro;Thesis References"
}

@ARTICLE{Travland1979,
  title    = "Initiation of infection of mosquito larvae (\textit{Culiseta
              inornata}) by \textit{Coelomomyces psorophorae}",
  author   = "Travland, Linda B",
  journal  = "J. Invertebr. Pathol.",
  volume   =  33,
  number   =  1,
  pages    = "95--105",
  month    =  jan,
  year     =  1979,
  keywords = "Coelomomyces psorophorae; Culiseta inornata; mosquito, fungus,
              parasitic; infection; cyst development;Thesis
              References/04\_Coelomomyces;Thesis References"
}

@ARTICLE{Zebold1979,
  title    = "Host specificity and penetration in the mosquito pathogen
              \textit{Coelomomyces psorophorae}",
  author   = "Zebold, Stephen L and Whisler, Howard C and Shemanchuk, Joseph A
              and Travland, Linda B",
  journal  = "Can. J. Bot.",
  volume   =  57,
  number   =  24,
  pages    = "2766--2770",
  year     =  1979,
  keywords = "Thesis References/04\_Coelomomyces;Thesis References;Thesis
              References/01\_Intro"
}

@ARTICLE{Escriva1998,
  title     = "Evolution and Diversification of the Nuclear Receptor
               Superfamily",
  author    = "Escriva, Hector and Langlois, Marie-Claire and Mendon\c{c}a,
               Ricardo Luis and Pierce, Ray and Laudet, Vincent",
  journal   = "Ann. N. Y. Acad. Sci.",
  publisher = "Blackwell Publishing Ltd",
  volume    =  839,
  number    =  1,
  pages     = "143--146",
  year      =  1998,
  keywords  = "Thesis References/04\_Coelomomyces;Thesis References"
}

@ARTICLE{Jones2014,
  title       = "{InterProScan} 5: genome-scale protein function classification",
  author      = "Jones, Philip and Binns, David and Chang, Hsin-Yu and Fraser,
                 Matthew and Li, Weizhong and McAnulla, Craig and McWilliam,
                 Hamish and Maslen, John and Mitchell, Alex and Nuka, Gift and
                 Pesseat, Sebastien and Quinn, Antony F and Sangrador-Vegas,
                 Amaia and Scheremetjew, Maxim and Yong, Siew-Yit and Lopez,
                 Rodrigo and Hunter, Sarah",
  affiliation = "European Molecular Biology Laboratory, European Bioinformatics
                 Institute (EMBL-EBI), Wellcome Trust Genome Campus, Hinxton
                 CB10 1SD and Wellcome Trust Sanger Institute, Wellcome Trust
                 Genome Campus, Hinxton CB10 1SA, UK.",
  journal     = "Bioinformatics",
  volume      =  30,
  number      =  9,
  pages       = "1236--1240",
  month       =  "1~" # may,
  year        =  2014,
  keywords    = "Thesis References/04\_Coelomomyces;Thesis References"
}

@ARTICLE{Lombard2014,
  title       = "The carbohydrate-active enzymes database ({CAZy}) in 2013",
  author      = "Lombard, Vincent and Golaconda Ramulu, Hemalatha and Drula,
                 Elodie and Coutinho, Pedro M and Henrissat, Bernard",
  affiliation = "Centre National de la Recherche Scientifique, CNRS UMR 7257,
                 13288 Marseille, France and Aix-Marseille Universit\'{e},
                 AFMB, 163 Avenue de Luminy, 13288 Marseille, France.",
  journal     = "Nucleic Acids Res.",
  volume      =  42,
  number      = "Database issue",
  pages       = "D490--5",
  month       =  jan,
  year        =  2014,
  keywords    = "Thesis References/04\_Coelomomyces;Thesis References"
}

@ARTICLE{Arnold2006,
  title       = "The {SWISS-MODEL} workspace: a web-based environment for
                 protein structure homology modelling",
  author      = "Arnold, Konstantin and Bordoli, Lorenza and Kopp, J{\"{u}}rgen
                 and Schwede, Torsten",
  affiliation = "Biozentrum Basel, University of Basel Switzerland.",
  journal     = "Bioinformatics",
  volume      =  22,
  number      =  2,
  pages       = "195--201",
  month       =  "15~" # jan,
  year        =  2006,
  keywords    = "Thesis References/04\_Coelomomyces;Thesis
                 References/02\_Rhodopsin/Structural;Thesis References"
}

@ARTICLE{Rivera2012,
  title       = "Blue-light-receptive cryptochrome is expressed in a sponge eye
                 lacking neurons and opsin",
  author      = "Rivera, Ajna S and Ozturk, Nuri and Fahey, Bryony and
                 Plachetzki, David C and Degnan, Bernard M and Sancar, Aziz and
                 Oakley, Todd H",
  affiliation = "Department of Biological Sciences, University of the Pacific,
                 Stockton, CA 95211, USA.",
  journal     = "J. Exp. Biol.",
  volume      =  215,
  number      = "Pt 8",
  pages       = "1278--1286",
  month       =  "15~" # apr,
  year        =  2012,
  keywords    = "Thesis References/01\_Intro;Thesis References"
}

@ARTICLE{Whisler2009,
  title       = "The life history and \textit{in vivo} culture of
                 \textit{Coelomomyces utahensis} (Blastocladiomycetes)",
  author      = "Whisler, Howard C and Karanja, Diana M Sabwa and Shemanchuk,
                 Joseph A and Zebold, Stephen L and Romney, Steven V and
                 Nielsen, Lewis T",
  affiliation = "Department of Biology, University of Washington, Seattle, WA
                 98195, USA.",
  journal     = "J. Invertebr. Pathol.",
  volume      =  100,
  number      =  1,
  pages       = "40--43",
  month       =  jan,
  year        =  2009,
  keywords    = "Thesis References/04\_Coelomomyces;Thesis References"
}

@ARTICLE{Jakob2007,
  title       = "Novel {DNA-binding} element within the {C-terminal} extension
                 of the nuclear receptor {DNA-binding} domain",
  author      = "Jak\'{o}b, Micha\l and Ko\l{}odziejczyk, Robert and
                 Or\l{}owski, Marek and Krzywda, Szymon and Kowalska, Agnieszka
                 and Dutko-Gw\'{o}\'{z}d\'{z}, Joanna and Gw\'{o}\'{z}d\'{z},
                 Tomasz and Kochman, Marian and Jask\'{o}lski, Mariusz and
                 Ozyhar, Andrzej",
  affiliation = "Department of Biochemistry, Faculty of Chemistry, Wroc\l{}aw
                 University of Technology, Wybrzeze Wyspia\'{n}skiego 27,
                 50-370 Wroc\l{}aw, Poland.",
  journal     = "Nucleic Acids Res.",
  volume      =  35,
  number      =  8,
  pages       = "2705--2718",
  month       =  "10~" # apr,
  year        =  2007,
  keywords    = "Thesis References/04\_Coelomomyces;Thesis References"
}

% The entry below contains non-ASCII chars that could not be converted
% to a LaTeX equivalent.
@ARTICLE{Beitz2000textopo,
  title    = "{TeXtopo}: shaded membrane protein topology plots in {LaTeX2É›}",
  author   = "Beitz, Eric",
  journal  = "Bioinformatics",
  volume   =  16,
  number   =  11,
  pages    = "1050--1051",
  year     =  2000,
  keywords = "Thesis References;Thesis References/02\_Rhodopsin/Structural"
}

@ARTICLE{Pierce2002,
  title       = "Seven-transmembrane receptors",
  author      = "Pierce, Kristen L and Premont, Richard T and Lefkowitz, Robert
                 J",
  affiliation = "The Howard Hughes Medical Institute and the Department of
                 Medicine, Box 3821, Duke University Medical Center, Durham,
                 North Carolina 27710, USA.",
  journal     = "Nat. Rev. Mol. Cell Biol.",
  volume      =  3,
  number      =  9,
  pages       = "639--650",
  month       =  sep,
  year        =  2002,
  keywords    = "Thesis References/01\_Intro;Thesis References"
}

@ARTICLE{Grabherr2011,
  title       = "Full-length transcriptome assembly from {RNA-Seq} data without
                 a reference genome",
  author      = "Grabherr, Manfred G and Haas, Brian J and Yassour, Moran and
                 Levin, Joshua Z and Thompson, Dawn A and Amit, Ido and
                 Adiconis, Xian and Fan, Lin and Raychowdhury, Raktima and
                 Zeng, Qiandong and Chen, Zehua and Mauceli, Evan and Hacohen,
                 Nir and Gnirke, Andreas and Rhind, Nicholas and di Palma,
                 Federica and Birren, Bruce W and Nusbaum, Chad and
                 Lindblad-Toh, Kerstin and Friedman, Nir and Regev, Aviv",
  affiliation = "Broad Institute of Massachusetts Institute of Technology and
                 Harvard, Cambridge, Massachusetts, USA.",
  journal     = "Nat. Biotechnol.",
  volume      =  29,
  number      =  7,
  pages       = "644--652",
  month       =  jul,
  year        =  2011,
  keywords    = "Thesis References/04\_Coelomomyces;Thesis References"
}

@ARTICLE{Tewari1983,
  title    = "Fungi associated with the roots of clover in {Alberta}. I.
              \textit{Olpidium brassicae} and \textit{Ligniera} sp",
  author   = "Tewari, J P and Bains, P",
  journal  = "Can. Plant Dis. Surv.",
  volume   =  63,
  pages    = "2",
  year     =  1983,
  keywords = "Thesis References/01\_Intro;Thesis References"
}

@ARTICLE{Pedras2002,
  title       = "The destruxins: synthesis, biosynthesis, biotransformation,
                 and biological activity",
  author      = "Pedras, M Soledade C and Irina Zaharia, L and Ward, Dale E",
  affiliation = "Department of Chemistry, University of Saskatchewan, 110
                 Science Place, Saskatoon SK, Canada S7N 5C9.
                 soledade.pedras@usask.ca",
  journal     = "Phytochemistry",
  volume      =  59,
  number      =  6,
  pages       = "579--596",
  month       =  mar,
  year        =  2002,
  keywords    = "Thesis References/04\_Coelomomyces;Thesis References"
}

@ARTICLE{Wang2012,
  title       = "Unveiling the biosynthetic puzzle of destruxins in
                 \textit{Metarhizium} species",
  author      = "Wang, Bing and Kang, Qianjin and Lu, Yuzhen and Bai, Linquan
                 and Wang, Chengshu",
  affiliation = "Key Laboratory of Insect Developmental and Evolutionary
                 Biology, Institute of Plant Physiology and Ecology, Shanghai
                 Institutes for Biological Sciences, Chinese Academy of
                 Sciences, Shanghai 200032, People's Republic of China.",
  journal     = "Proc. Natl. Acad. Sci. U. S. A.",
  volume      =  109,
  number      =  4,
  pages       = "1287--1292",
  month       =  "24~" # jan,
  year        =  2012,
  keywords    = "Thesis References/04\_Coelomomyces;Thesis References"
}

@ARTICLE{Li2003,
  title       = "{OrthoMCL}: identification of ortholog groups for eukaryotic
                 genomes",
  author      = "Li, Li and Stoeckert, Jr, Christian J and Roos, David S",
  affiliation = "Department of Biology and Genetics, Center for Bioinformatics,
                 and Genomics Institute, University of Pennsylvania,
                 Philadelphia, Pennsylvania 19104, USA.",
  journal     = "Genome Res.",
  volume      =  13,
  number      =  9,
  pages       = "2178--2189",
  month       =  sep,
  year        =  2003,
  keywords    = "Thesis References/04\_Coelomomyces;Thesis References"
}

@ARTICLE{Haas2013,
  title       = "\textit{De novo} transcript sequence reconstruction from
                 {RNA-seq} using the {Trinity} platform for reference
                 generation and analysis",
  author      = "Haas, Brian J and Papanicolaou, Alexie and Yassour, Moran and
                 Grabherr, Manfred and Blood, Philip D and Bowden, Joshua and
                 Couger, Matthew Brian and Eccles, David and Li, Bo and Lieber,
                 Matthias and Macmanes, Matthew D and Ott, Michael and Orvis,
                 Joshua and Pochet, Nathalie and Strozzi, Francesco and Weeks,
                 Nathan and Westerman, Rick and William, Thomas and Dewey,
                 Colin N and Henschel, Robert and Leduc, Richard D and
                 Friedman, Nir and Regev, Aviv",
  affiliation = "Broad Institute of Massachusetts Institute of Technology MIT,
                 Cambridge, Massachusetts, USA. bhaas@broadinstitute.org",
  journal     = "Nat. Protoc.",
  volume      =  8,
  number      =  8,
  pages       = "1494--1512",
  month       =  aug,
  year        =  2013,
  keywords    = "Thesis References/04\_Coelomomyces;Thesis References"
}

@ARTICLE{Koelle1991,
  title       = "The \textit{Drosophila} {\textit{EcR}} gene encodes an
                 ecdysone receptor, a new member of the steroid receptor
                 superfamily",
  author      = "Koelle, M R and Talbot, W S and Segraves, W A and Bender, M T
                 and Cherbas, P and Hogness, D S",
  affiliation = "Department of Biochemistry, Stanford University Medical
                 Center, California 94305.",
  journal     = "Cell",
  volume      =  67,
  number      =  1,
  pages       = "59--77",
  month       =  "4~" # oct,
  year        =  1991,
  keywords    = "Thesis References/04\_Coelomomyces;Thesis References"
}

@ARTICLE{Staab1999,
  title       = "Adhesive and mammalian transglutaminase substrate properties
                 of \textit{Candida albicans} {Hwp1}",
  author      = "Staab, J F and Bradway, S D and Fidel, P L and Sundstrom, P",
  affiliation = "Department of Medical Microbiology and Immunology, College of
                 Medicine and Public Health, Ohio State University, 333 West
                 Tenth Avenue, Columbus, OH 43210, USA.",
  journal     = "Science",
  volume      =  283,
  number      =  5407,
  pages       = "1535--1538",
  month       =  "5~" # mar,
  year        =  1999,
  keywords    = "Thesis References/04\_Coelomomyces;Thesis References"
}

@ARTICLE{Scholte2004,
  title       = "Entomopathogenic fungi for mosquito control: a review",
  author      = "Scholte, Ernst-Jan and Knols, Bart G J and Samson, Robert A
                 and Takken, Willem",
  affiliation = "Laboratory of Entomology, Wageningen University and Research
                 Centre, PO Box 8031, 6700 EH, Wageningen, The Netherlands.
                 ErnstJan.Scholte@wur.nl",
  journal     = "J. Insect Sci.",
  volume      =  4,
  pages       = "19",
  month       =  "23~" # jun,
  year        =  2004,
  keywords    = "Thesis References/04\_Coelomomyces;Thesis References"
}

@ARTICLE{Russell1992,
  title       = "Multiple protein sequence alignment from tertiary structure
                 comparison: assignment of global and residue confidence levels",
  author      = "Russell, R B and Barton, G J",
  affiliation = "Laboratory of Molecular Biophysics, University of Oxford,
                 England.",
  journal     = "Proteins",
  volume      =  14,
  number      =  2,
  pages       = "309--323",
  month       =  oct,
  year        =  1992,
  keywords    = "Thesis References/02\_Rhodopsin/Structural;Thesis References"
}

@ARTICLE{Humphrey1996,
  title       = "{VMD}: visual molecular dynamics",
  author      = "Humphrey, W and Dalke, A and Schulten, K",
  affiliation = "Theoretical Biophysics Group, University of Illinois, Urbana
                 61801, USA.",
  journal     = "J. Mol. Graph.",
  volume      =  14,
  number      =  1,
  pages       = "33--8, 27--8",
  month       =  feb,
  year        =  1996,
  keywords    = "Thesis References/02\_Rhodopsin/Structural;Thesis References"
}

@ARTICLE{Ramachandran1963,
  title    = "Stereochemistry of polypeptide chain configurations",
  author   = "Ramachandran, G N and Ramakrishnan, C and Sasisekharan, V",
  journal  = "J. Mol. Biol.",
  volume   =  7,
  pages    = "95--99",
  month    =  jul,
  year     =  1963,
  keywords = "PEPTIDES;Thesis References/02\_Rhodopsin/Structural;Thesis
              References"
}

@ARTICLE{Stepek2004,
  title       = "Natural plant cysteine proteinases as anthelmintics?",
  author      = "Stepek, Gillian and Behnke, Jerzy M and Buttle, David J and
                 Duce, Ian R",
  affiliation = "School of Biology, University Park, University of Nottingham,
                 Nottinghamshire NG7 2RD, UK.",
  journal     = "Trends Parasitol.",
  volume      =  20,
  number      =  7,
  pages       = "322--327",
  month       =  jul,
  year        =  2004,
  keywords    = "Thesis References/04\_Coelomomyces;Thesis References"
}

@ARTICLE{Donzelli2012,
  title       = "Genetic basis of destruxin production in the entomopathogen
                 \textit{Metarhizium robertsii}",
  author      = "Donzelli, Bruno Giuliano Garisto and Krasnoff, Stuart B and
                 Sun-Moon, Yong and Churchill, Alice C L and Gibson, Donna M",
  affiliation = "Biological Integrated Pest Management Research Unit, Robert W.
                 Holley Center for Agriculture and Health, USDA-ARS, 538 Tower
                 Road, Ithaca, NY 14853, USA. bdd1@cornell.edu",
  journal     = "Curr. Genet.",
  volume      =  58,
  number      =  2,
  pages       = "105--116",
  month       =  apr,
  year        =  2012,
  keywords    = "Thesis References/04\_Coelomomyces;Thesis References"
}

@ARTICLE{StLeger1986,
  title    = "Cuticle-degrading enzymes of entomopathogenic fungi: Synthesis in
              culture on cuticle",
  author   = "St. Leger, R J and Charnley, A K and Cooper, R M",
  journal  = "J. Invertebr. Pathol.",
  volume   =  48,
  number   =  1,
  pages    = "85--95",
  month    =  jul,
  year     =  1986,
  keywords = "Schistocerca gregaria; locust cuticle; entomopathogenic fungi;
              Metarhizium anisopliae; Beauveria bassiana; Verticillium lecanii;
              cuticle-degrading enzymes; protease; chitinase; sequential enzyme
              production; fluorescence microscopy;Thesis
              References/04\_Coelomomyces;Thesis References"
}

@ARTICLE{Calvo2008,
  title       = "The {VeA} regulatory system and its role in morphological and
                 chemical development in fungi",
  author      = "Calvo, Ana M",
  affiliation = "Department of Biological Sciences, Northern Illinois
                 University, 1425 W. Lincoln Hwy Montgomery Hall, Dekalb, IL
                 60115, USA. amcalvo@niu.edu",
  journal     = "Fungal Genet. Biol.",
  volume      =  45,
  number      =  7,
  pages       = "1053--1061",
  month       =  jul,
  year        =  2008,
  keywords    = "Thesis References;Thesis References/04\_Coelomomyces"
}

@ARTICLE{Schwerdtfeger2003,
  title       = "{VIVID} is a flavoprotein and serves as a fungal blue light
                 photoreceptor for photoadaptation",
  author      = "Schwerdtfeger, Carsten and Linden, Hartmut",
  affiliation = "Lehrstuhl f{\"{u}}r Physiologie und Biochemie der Pflanzen,
                 Universit{\"{a}}t Konstanz, D-78434 Konstanz, Germany.",
  journal     = "EMBO J.",
  volume      =  22,
  number      =  18,
  pages       = "4846--4855",
  month       =  "15~" # sep,
  year        =  2003,
  keywords    = "Thesis References/04\_Coelomomyces;Thesis References"
}

@ARTICLE{Lietz2012,
  title    = "Importance of $\beta$,$\beta$-carotene 15,15'-monooxygenase 1
              ({BCMO1}) and $\beta$,$\beta$-carotene 9',10'-dioxygenase 2
              ({BCDO2}) in nutrition and health",
  author   = "Lietz, Georg and Oxley, Anthony and Boesch-Saadatmandi, Christine
              and Kobayashi, Daisuke",
  journal  = "Mol. Nutr. Food Res.",
  volume   =  56,
  number   =  2,
  pages    = "241--250",
  year     =  2012,
  keywords = "BCMO1, BCDO2, Carotenoids, SNP, Vitamin A;Thesis
              References/01\_Intro;Thesis References"
}

@ARTICLE{Hausmann2000,
  title    = "A single five-step desaturase is involved in the carotenoid
              biosynthesis pathway to $\beta$-carotene and torulene in
              \textit{Neurospora crassa}",
  author   = "Hausmann, Alexander and Sandmann, Gerhard",
  journal  = "Fungal Genet. Biol.",
  volume   =  30,
  number   =  2,
  pages    = "147--153",
  month    =  jul,
  year     =  2000,
  keywords = "carotenoid biosynthesis; expression of the al-1 gene; Neurospora
              crassa; phytoene desaturase;Thesis References/01\_Intro;Thesis
              References;Thesis References/04\_Coelomomyces"
}

@ARTICLE{Berdy2012,
  title     = "Thoughts and facts about antibiotics: Where we are now and where
               we are heading",
  author    = "B\'{e}rdy, J\'{a}nos",
  journal   = "J. Antibiot.",
  publisher = "Nature Publishing Group",
  volume    =  65,
  number    =  8,
  pages     = "385--395",
  month     =  "18~" # apr,
  year      =  2012,
  keywords  = "Thesis References/03\_Inhibition;Thesis References"
}

@ARTICLE{Bushley2010,
  title       = "Phylogenomics reveals subfamilies of fungal nonribosomal
                 peptide synthetases and their evolutionary relationships",
  author      = "Bushley, Kathryn E and Turgeon, B Gillian",
  affiliation = "Department of Plant Pathology \& Plant-Microbe Biology, 334
                 Plant Science Bldg, Cornell University, Ithaca, NY, 14853,
                 USA.",
  journal     = "BMC Evol. Biol.",
  volume      =  10,
  pages       = "26",
  month       =  "26~" # jan,
  year        =  2010,
  keywords    = "Thesis References/04\_Coelomomyces;Thesis References"
}

@ARTICLE{Deacon1997,
  title    = "Orientated zoospore attachment and cyst germination in
              \textit{Catenaria anguillulae}, a facultative endoparasite of
              nematodes",
  author   = "Deacon, J W and Saxena, Geeta",
  journal  = "Mycol. Res.",
  volume   =  101,
  number   =  5,
  pages    = "513--522",
  month    =  may,
  year     =  1997,
  keywords = "Thesis References/01\_Intro;Thesis References"
}

@ARTICLE{Schrank2010,
  title       = "\textit{Metarhizium anisopliae} enzymes and toxins",
  author      = "Schrank, Augusto and Vainstein, Marilene Henning",
  affiliation = "Centro de Biotecnologia, Universidade Federal do Rio Grande do
                 Sul, P. O. Box 15005, CEP 91501-970, Porto Alegre, RS, Brazil.",
  journal     = "Toxicon",
  volume      =  56,
  number      =  7,
  pages       = "1267--1274",
  month       =  "15~" # dec,
  year        =  2010,
  keywords    = "Fungi/Chytrids/Coelomomyces;Thesis References/01\_Intro;Thesis
                 References/04\_Coelomomyces;Thesis References"
}

@ARTICLE{Alexander1997,
  title       = "Antifungal resistance trends towards the year 2000.
                 Implications for therapy and new approaches",
  author      = "Alexander, B D and Perfect, J R",
  affiliation = "Division of Infectious Diseases, Duke University Medical
                 Center, Durham, North Carolina, USA.",
  journal     = "Drugs",
  volume      =  54,
  number      =  5,
  pages       = "657--678",
  month       =  nov,
  year        =  1997,
  keywords    = "Ahrendt Inhibition Paper;Thesis
                 References/03\_Inhibition;Thesis References"
}

@ARTICLE{Kontoyiannis2002,
  title       = "Antifungal drug resistance of pathogenic fungi",
  author      = "Kontoyiannis, Dimitrios P and Lewis, Russell E",
  affiliation = "Department of Infectious Diseases, Infection Control and
                 Employee Health, University of Texas M D Anderson Cancer
                 Center, Houston, TX 77030, USA. dkontoyi@mdanderson.org",
  journal     = "Lancet",
  volume      =  359,
  number      =  9312,
  pages       = "1135--1144",
  month       =  "30~" # mar,
  year        =  2002,
  keywords    = "Ahrendt Inhibition Paper;Inhibition;Interesting papers;Thesis
                 References/03\_Inhibition;Thesis References"
}

@ARTICLE{Bossche1998,
  title       = "Antifungal drug resistance in pathogenic fungi",
  author      = "Vanden Bossche, H and Dromer, F and Improvisi, I and
                 Lozano-Chiu, M and Rex, J H and Sanglard, D",
  affiliation = "Janssen Research Foundation, Beerse, Belgium.
                 hvbossch@janbe.jnj.com",
  journal     = "Med. Mycol.",
  volume      = "36 Suppl 1",
  pages       = "119--128",
  year        =  1998,
  keywords    = "Ahrendt Inhibition Paper;Inhibition;Thesis
                 References/03\_Inhibition;Thesis References"
}

@ARTICLE{Howlett2006,
  title       = "Secondary metabolite toxins and nutrition of plant pathogenic
                 fungi",
  author      = "Howlett, Barbara J",
  affiliation = "School of Botany, The University of Melbourne, 3010 Victoria,
                 Australia. bhowlett@unimelb.edu.au",
  journal     = "Curr. Opin. Plant Biol.",
  volume      =  9,
  number      =  4,
  pages       = "371--375",
  month       =  aug,
  year        =  2006,
  keywords    = "Ahrendt Inhibition Paper;Inhibition;Interesting papers;Thesis
                 References/03\_Inhibition;Thesis References"
}

@ARTICLE{Wiemann2014,
  title       = "Strategies for mining fungal natural products",
  author      = "Wiemann, Philipp and Keller, Nancy P",
  affiliation = "Department of Medical Microbiology and Immunology, University
                 of Wisconsin-Madison, 3476 Microbial Sciences Building, 1550
                 Linden Drive, Madison, WI, 53706, USA.",
  journal     = "J. Ind. Microbiol. Biotechnol.",
  volume      =  41,
  number      =  2,
  pages       = "301--313",
  month       =  feb,
  year        =  2014,
  keywords    = "Ahrendt Inhibition Paper;Inhibition;Thesis
                 References/03\_Inhibition;Thesis References"
}

@ARTICLE{Kokkonen2010,
  title       = "Mycotoxin production of selected \textit{Fusarium} species at
                 different culture conditions",
  author      = "Kokkonen, Meri and Ojala, Laura and Parikka, P{\"{a}}ivi and
                 Jestoi, Marika",
  affiliation = "Finnish Food Safety Authority (Evira), Chemistry and
                 Toxicology Unit, Mustialankatu 3, FI-00790, Helsinki, Finland.
                 meri.kokkonen@evira.fi",
  journal     = "Int. J. Food Microbiol.",
  volume      =  143,
  number      = "1-2",
  pages       = "17--25",
  month       =  "30~" # sep,
  year        =  2010,
  keywords    = "Ahrendt Inhibition Paper;Inhibition;Thesis
                 References/03\_Inhibition;Thesis References"
}

@ARTICLE{Berbee2010,
  title    = "Dating the molecular clock in fungi -- how close are we?",
  author   = "Berbee, Mary L and Taylor, John W",
  journal  = "Fungal Biol. Rev.",
  volume   =  24,
  number   = "1--2",
  pages    = "1--16",
  month    =  feb,
  year     =  2010,
  keywords = "Evolution; Fossil calibration; Fungi; Molecular clock; Phylogeny;
              Phylogeography; Rate variation;Phylogenetics;Thesis
              References/01\_Intro;Thesis References"
}

@ARTICLE{Vicente2003,
  title       = "Microbial natural products as a source of antifungals",
  author      = "Vicente, M F and Basilio, A and Cabello, A and Pel\'{a}ez, F",
  affiliation = "Centro de Investigac\'{\i}on B\'{a}sica, Merck Research
                 Laboratories, Merck, Sharp and Dohme Espa\~{n}a, S. A. Josefa
                 Valc\'{a}rcel 38, 28027 Madrid, Spain.
                 Francisca\_vicente@merck.com",
  journal     = "Clin. Microbiol. Infect.",
  volume      =  9,
  number      =  1,
  pages       = "15--32",
  month       =  jan,
  year        =  2003,
  keywords    = "Inhibition;Thesis References/01\_Intro;Thesis
                 References;Thesis References/03\_Inhibition"
}

@ARTICLE{Letcher2008,
  title       = "Rediscovery of an unusual chytridiaceous fungus new to the
                 order {Rhizophydiales}",
  author      = "Letcher, Peter M and Powell, Martha J and Viusent, M Claudia",
  affiliation = "Dept. of Biological Sciences, The University of Alabama,
                 Tuscaloosa AL 35487, USA. letch006@bama.ua.edu",
  journal     = "Mycologia",
  volume      =  100,
  number      =  2,
  pages       = "325--334",
  month       =  mar,
  year        =  2008,
  keywords    = "Thesis References/03\_Inhibition;Thesis References"
}

@ARTICLE{Federici1979,
  title     = "$\beta$-Carotene in the Gametophytic Phase of
               \textit{Coelomomyces dodgei}",
  author    = "Federici, B A and Thompson, S N",
  journal   = "Experimental Mycology",
  publisher = "Elsevier",
  volume    =  3,
  number    =  3,
  pages     = "281--284",
  month     =  sep,
  year      =  1979,
  keywords  = "Fungi/Chytrids/Coelomomyces;Ahrendt Coelomomyces Paper;Thesis
               References/04\_Coelomomyces;Thesis References"
}

@ARTICLE{Federici1982,
  title     = "Inviability of Interspecific Hybrids in the \textit{Coelomomyces
               dodgei} Complex",
  author    = "Federici, Brian A",
  journal   = "Mycologia",
  publisher = "Mycological Society of America",
  volume    =  74,
  number    =  4,
  pages     = "555--562",
  month     =  "1~" # jul,
  year      =  1982,
  keywords  = "Fungi/Chytrids/Coelomomyces;Ahrendt Coelomomyces Paper;Thesis
               References/04\_Coelomomyces;Thesis References"
}

@ARTICLE{Whisler1983,
  title     = "Meiosis in \textit{Coelomomyces}",
  author    = "Whisler, H C and Wilson, C M and Travland, L B and Olson, L W
               and {others}",
  journal   = "Experimental",
  publisher = "Elsevier",
  year      =  1983,
  keywords  = "Fungi/Chytrids/Coelomomyces;Ahrendt Coelomomyces Paper;Thesis
               References/04\_Coelomomyces;Thesis References"
}

@ARTICLE{Apperson1992,
  title     = "Evidence for the copepods \textit{Acanthocyclops robustus} and
               \textit{Mesocyclops edax} as competent intermediate hosts for
               \textit{Coelomomyces punctatus} during an epizootic in a larval
               population of the mosquito \textit{Anopheles quadrimaculatus}",
  author    = "Apperson, Charles S and Federici, Brian A and Stewart, William
               and Tarve, Fred R",
  journal   = "J. Invertebr. Pathol.",
  publisher = "Elsevier",
  year      =  1992,
  keywords  = "Fungi/Chytrids/Coelomomyces;Ahrendt Coelomomyces Paper;Thesis
               References/04\_Coelomomyces;Thesis References"
}

@ARTICLE{Federici1977,
  title     = "Differential pigmentation in the sexual phase of
               \textit{Coelomomyces}",
  author    = "Federici, Brian A",
  publisher = "Nature Publishing Group",
  volume    =  267,
  number    =  5611,
  pages     = "514--515",
  month     =  "9~" # jun,
  year      =  1977,
  keywords  = "Fungi/Chytrids/Coelomomyces;Ahrendt Coelomomyces Paper;Thesis
               References/04\_Coelomomyces;Thesis References"
}

@ARTICLE{Lucarotti1992,
  title     = "Invasion of \textit{Aedes aegypti} ovaries by
               \textit{Coelomomyces stegomyiae}",
  author    = "Lucarotti, C J",
  journal   = "J. Invertebr. Pathol.",
  publisher = "Elsevier",
  volume    =  60,
  number    =  2,
  pages     = "176--184",
  month     =  sep,
  year      =  1992,
  keywords  = "Aedes aegypti; Coelomomyces stegomyiae; 20-hydroxyecdysone;
               mosquito; tracheole;
               vitellogenin;Fungi/Chytrids/Coelomomyces;Ahrendt Coelomomyces
               Paper;Thesis References/04\_Coelomomyces;Thesis References"
}

@ARTICLE{Fillinger2006,
  title       = "Suppression of exposure to malaria vectors by an order of
                 magnitude using microbial larvicides in rural {Kenya}",
  author      = "Fillinger, Ulrike and Lindsay, Steven W",
  affiliation = "School of Biological and Biomedical Sciences, Durham
                 University, Durham, UK. ulrike.fillinger@durham.ac.uk",
  journal     = "Trop. Med. Int. Health",
  volume      =  11,
  number      =  11,
  pages       = "1629--1642",
  month       =  nov,
  year        =  2006,
  keywords    = "Fungi/Chytrids/Coelomomyces;Ahrendt Coelomomyces Paper;Thesis
                 References/04\_Coelomomyces;Thesis References"
}

@ARTICLE{Moreira2009,
  title       = "A \textit{Wolbachia} symbiont in \textit{Aedes aegypti} limits
                 infection with dengue, {Chikungunya}, and \textit{Plasmodium}",
  author      = "Moreira, Luciano A and Iturbe-Ormaetxe, I\~{n}aki and Jeffery,
                 Jason A and Lu, Guangjin and Pyke, Alyssa T and Hedges, Lauren
                 M and Rocha, Bruno C and Hall-Mendelin, Sonja and Day, Andrew
                 and Riegler, Markus and Hugo, Leon E and Johnson, Karyn N and
                 Kay, Brian H and McGraw, Elizabeth A and van den Hurk, Andrew
                 F and Ryan, Peter A and O'Neill, Scott L",
  affiliation = "School of Biological Sciences, The University of Queensland,
                 Brisbane QLD 4072, Australia.",
  journal     = "Cell",
  volume      =  139,
  number      =  7,
  pages       = "1268--1278",
  month       =  "24~" # dec,
  year        =  2009,
  keywords    = "Fungi/Chytrids/Coelomomyces;Ahrendt Coelomomyces Paper;Thesis
                 References/04\_Coelomomyces;Thesis References"
}

@ARTICLE{Pfaller2012,
  title       = "Antifungal drug resistance: mechanisms, epidemiology, and
                 consequences for treatment",
  author      = "Pfaller, Michael A",
  affiliation = "Medical Microbiology Division, Department of Pathology,
                 University of Iowa College of Medicine, Iowa City, Iowa 52242,
                 USA. michael-pfaller@uiowa.edu",
  journal     = "Am. J. Med.",
  volume      =  125,
  number      = "1 Suppl",
  pages       = "S3--13",
  month       =  jan,
  year        =  2012,
  keywords    = "Inhibition;Ahrendt Inhibition Paper;Thesis
                 References/03\_Inhibition;Thesis References"
}

@ARTICLE{Lavermicocca2000,
  title    = "Purification and Characterization of Novel Antifungal Compounds
              from the Sourdough \textit{Lactobacillus plantarum} Strain {21B}",
  author   = "Lavermicocca, Paola and Valerio, Francesca and Evidente, Antonio
              and Lazzaroni, Silvia and Corsetti, Aldo and Gobbetti, Marco",
  journal  = "Applied and Environmental Microbiology",
  volume   =  66,
  number   =  9,
  pages    = "4084--4090",
  year     =  2000,
  keywords = "Inhibition;Ahrendt Inhibition Paper;Thesis
              References/03\_Inhibition;Thesis References"
}

@ARTICLE{Tebbets2012,
  title    = "Identification and Characterization of Antifungal Compounds Using
              a \textit{Saccharomyces cerevisiae} Reporter Bioassay",
  author   = "Tebbets, Brad and Stewart, Douglas and Lawry, Stephanie and Nett,
              Jeniel and Nantel, Andre and Andes, David and Klein, Bruce S",
  journal  = "PLoS One",
  volume   =  7,
  number   =  5,
  pages    = "e36021",
  year     =  2012,
  keywords = "Inhibition;Ahrendt Inhibition Paper;Thesis
              References/03\_Inhibition;Thesis References"
}

@ARTICLE{Ficker2003,
  title    = "Bioassay-guided Isolation and Identification of Antifungal
              Compounds from Ginger",
  author   = "Ficker, C and Smith, M L and Akpagana, K and Gbeassor, M and
              Zhang, J and Durst, T and Assabgui, R and Arnason, J T",
  journal  = "Phytother. Res.",
  volume   =  17,
  pages    = "897--902",
  year     =  2003,
  keywords = "Inhibition;Ahrendt Inhibition Paper;Thesis
              References/03\_Inhibition;Thesis References"
}

@ARTICLE{Breger2007,
  title    = "Antifungal Chemical Compounds Identified Using a \textit{C.
              elegans} Pathogenicity Assay",
  author   = "Breger, Julia and Fuchs, Beth Burgwyn and Aperis, George and Moy,
              Terence I and Ausubel, Frederick M and Mylonakis, Eleftherios",
  journal  = "PLoS Pathog.",
  volume   =  3,
  number   =  2,
  pages    = "e18",
  year     =  2007,
  keywords = "Inhibition;Ahrendt Inhibition Paper;Thesis
              References/03\_Inhibition;Thesis References"
}

@ARTICLE{Fujimura2000,
  title     = "Fungicide Resistance and Osmotic Stress Sensitivity in
               \textit{os} Mutants of \textit{Neurospora crassa}",
  author    = "Fujimura, Makoto and Ochiai, Noriyuki and Ichiishi, Akihiko and
               Usami, Ron and Horikoshi, Koki and Yamaguchi, Isamu",
  journal   = "Pestic. Biochem. Physiol.",
  publisher = "Elsevier",
  year      =  2000,
  keywords  = "Inhibition;Ahrendt Inhibition Paper;Thesis
               References/03\_Inhibition;Thesis References"
}

@ARTICLE{Ghannoum1999,
  title    = "Antifungal Agents: Mode of Action, Mechanisms of Resistance, and
              Correlation of These Mechanisms with Bacterial Resistance",
  author   = "Ghannoum, Mahmoud A and Rice, Louis B",
  journal  = "Clin. Microbiol. Rev.",
  volume   =  12,
  number   =  4,
  pages    = "501--517",
  month    =  "1~" # oct,
  year     =  1999,
  keywords = "Inhibition;Ahrendt Inhibition Paper;Thesis
              References/03\_Inhibition;Thesis References"
}

@ARTICLE{Zhang2008,
  title       = "{I-TASSER} server for protein {3D} structure prediction",
  author      = "Zhang, Yang",
  affiliation = "Center for Bioinformatics and Department of Molecular
                 Bioscience, University of Kansas, 2030 Becker Dr, Lawrence, KS
                 66047, USA. yzhang@ku.edu",
  journal     = "BMC Bioinformatics",
  volume      =  9,
  pages       = "40",
  month       =  "23~" # jan,
  year        =  2008,
  keywords    = "Ahrendt Chytropsin Paper;Thesis
                 References/02\_Rhodopsin/Structural;Thesis References"
}

@ARTICLE{Avelar2014,
  title       = "A {Rhodopsin-Guanylyl} Cyclase Gene Fusion Functions in Visual
                 Perception in a Fungus",
  author      = "Avelar, Gabriela M and Schumacher, Robert I and Zaini, Paulo A
                 and Leonard, Guy and Richards, Thomas A and Gomes, Suely L",
  affiliation = "Departamento de Bioqu\'{\i}mica, Instituto de Qu\'{\i}mica,
                 Universidade de S\~{a}o Paulo, S\~{a}o Paulo 05508-000,
                 Brazil.Departamento de Bioqu\'{\i}mica, Instituto de
                 Qu\'{\i}mica, Universidade de S\~{a}o Paulo, S\~{a}o Paulo
                 05508-000, Brazil.Departamento de Bioqu\'{\i}mica, Instituto
                 de Qu\'{\i}mica, Universidade de S\~{a}o Paulo, S\~{a}o Paulo
                 05508-000, Brazil.Biosciences, University of Exeter, Geoffrey
                 Pope Building, Stocker Road, Exeter EX4 4QD, UK.Biosciences,
                 University of Exeter, Geoffrey Pope Building, Stocker Road,
                 Exeter EX4 4QD, UK. Electronic address:
                 t.a.richards@exeter.ac.uk.Departamento de Bioqu\'{\i}mica,
                 Instituto de Qu\'{\i}mica, Universidade de S\~{a}o Paulo,
                 S\~{a}o Paulo 05508-000, Brazil. Electronic address:
                 sulgomes@iq.usp.br.",
  journal     = "Curr. Biol.",
  number      =  0,
  month       =  "14~" # may,
  year        =  2014,
  keywords    = "Environment Sensing;Environment Sensing/Light
                 Sensing;Environment Sensing/Light
                 Sensing/Rhodopsin;Fungi;Fungi/Chytrids;Ahrendt Coelomomyces
                 Paper;Interesting papers;Thesis
                 References/04\_Coelomomyces;Thesis References;Thesis
                 References/02\_Rhodopsin/Structural"
}

@ARTICLE{Revuelta1983,
  title     = "A new gene (\textit{carC}) involved in the regulation of
               carotenogenesis in \textit{Phycomyces}",
  author    = "Revuelta, J L and Eslava, A P",
  journal   = "Mol. Gen. Genet.",
  publisher = "Springer-Verlag",
  volume    =  192,
  number    = "1-2",
  pages     = "225--229",
  month     =  "1~" # oct,
  year      =  1983,
  keywords  = "Carotenogenesis;Fungi;Ahrendt Coelomomyces Paper;Thesis
               References/04\_Coelomomyces;Thesis References"
}

@ARTICLE{Roncero1982,
  title     = "Genetics of carotene biosynthesis in \textit{Phycomyces}",
  author    = "Roncero, M I G and Cerd\'{a}-Olmedo, E",
  journal   = "Curr. Genet.",
  publisher = "Springer-Verlag",
  volume    =  5,
  number    =  1,
  pages     = "5--8",
  month     =  "1~" # may,
  year      =  1982,
  keywords  = "Carotenogenesis;Fungi;Ahrendt Coelomomyces Paper;Thesis
               References/04\_Coelomomyces;Thesis References"
}

@ARTICLE{Salgado1991,
  title    = "Correlation between \textit{in vivo} and \textit{in vitro}
              carotenogenesis in \textit{Phycomyces}",
  author   = "Salgado, Luis M and Avalos, Javier and Bejarano, Eduardo R and
              Cerd\'{a}-Olmedo, Enrique",
  journal  = "Phytochemistry",
  volume   =  30,
  number   =  8,
  pages    = "2587--2591",
  year     =  1991,
  keywords = "Phycomyces blakesleeanus; Mucorales; carotenes; mutants; retinol;
              dimethyl phthalate; light; sex.;Carotenogenesis;Fungi;Ahrendt
              Coelomomyces Paper;Thesis References/04\_Coelomomyces;Thesis
              References"
}

@ARTICLE{Murillo1976,
  title     = "Regulation of carotene synthesis in \textit{Phycomyces}",
  author    = "Murillo, Francisco J and Cerd\'{a}-Olmedo, E",
  journal   = "Mol. Gen. Genet.",
  publisher = "Springer-Verlag",
  volume    =  148,
  number    =  1,
  pages     = "19--24",
  month     =  "1~" # jan,
  year      =  1976,
  keywords  = "Carotenogenesis;Fungi;Ahrendt Coelomomyces Paper;Thesis
               References/04\_Coelomomyces;Thesis References"
}

@ARTICLE{Almeida2008,
  title       = "Gene expression in the regulation of carotene biosynthesis in
                 \textit{Phycomyces}",
  author      = "Almeida, Eduardo R A and Cerd\'{a}-Olmedo, Enrique",
  affiliation = "Departamento de Gen\'{e}tica, Facultad de Biolog\'{\i}a,
                 Universidad de Sevilla, Apartado 1095, 41080, Seville, Spain.",
  journal     = "Curr. Genet.",
  volume      =  53,
  number      =  3,
  pages       = "129--137",
  month       =  "9~" # jan,
  year        =  2008,
  keywords    = "Carotenogenesis;Fungi;Ahrendt Coelomomyces Paper;Thesis
                 References/04\_Coelomomyces;Thesis References"
}

@ARTICLE{Cerda-Olmedo2001,
  title     = "\textit{Phycomyces} and the biology of light and color",
  author    = "Cerd\'{a}-Olmedo, Enrique",
  journal   = "FEMS Microbiol. Rev.",
  publisher = "Blackwell Publishing Ltd",
  volume    =  25,
  number    =  5,
  pages     = "503--512",
  year      =  2001,
  keywords  = "Photobiology, Sensory transduction, Behavourial genetics,
               Phycomyces blakesleeanus;Carotenogenesis;Fungi;Environment
               Sensing/Light Sensing;Environment Sensing;Ahrendt Coelomomyces
               Paper;Thesis References/04\_Coelomomyces;Thesis References"
}

@ARTICLE{Barr1978,
  title    = "Taxonomy and Phylogeny of Chytrids",
  author   = "Barr, Donald J S",
  journal  = "Biosystems.",
  volume   =  10,
  pages    = "153--165",
  year     =  1978,
  keywords = "Fungi/Chytrids;Fungi;REU Review papers;Interesting papers;Thesis
              References;Thesis References/03\_Inhibition"
}

@ARTICLE{Ma1994,
  title       = "{GTP-binding} proteins in plants: new members of an old family",
  author      = "Ma, H",
  affiliation = "Cold Spring Harbor Laboratory, NY 11724.",
  journal     = "Plant Mol. Biol.",
  volume      =  26,
  number      =  5,
  pages       = "1611--1636",
  month       =  dec,
  year        =  1994,
  keywords    = "Animals; biochemical detection; cdnas; Eukaryotic Cells;
                 Eukaryotic Cells: physiology; expression; Genes; Genetically
                 Modified; GTP-Binding Proteins; GTP-Binding Proteins:
                 classification; GTP-Binding Proteins: genetics; GTP-Binding
                 Proteins: metabolism; guanine nucleotide-binding proteins;
                 Guanosine Triphosphate; Guanosine Triphosphate: metabolism;
                 heterotrimeric g proteins; Plant; Plant Physiological
                 Phenomena; Plant: genetics; Plants; Plants: genetics; Signal
                 Transduction; Signal Transduction: genetics; Signal
                 Transduction: physiology; small g proteins; transgenic plants;
                 yeast complementation; Yeasts; Yeasts:
                 genetics;GPCR/Galpha;GPCR;Thesis
                 References/02\_Rhodopsin/Auxillary;Thesis References"
}

@ARTICLE{Hepler1992,
  title    = "{G} proteins",
  author   = "Hepler, John R and Gilman, Alfred G",
  journal  = "TIBS",
  volume   =  17,
  number   = "October",
  pages    = "383--387",
  month    =  oct,
  year     =  1992,
  keywords = "GPCR/Galpha;GPCR;Thesis References/02\_Rhodopsin/Auxillary;Thesis
              References"
}

@ARTICLE{Eddy2011,
  title    = "Accelerated Profile {HMM} Searches",
  author   = "Eddy, Sean R",
  journal  = "PLoS Comput. Biol.",
  volume   =  7,
  number   =  10,
  pages    = "e1002195",
  month    =  oct,
  year     =  2011,
  keywords = "Algorithms; Computational Biology; Computational Biology:
              methods; Databases, Protein; Information Storage and Retrieval;
              Information Storage and Retrieval: methods; Markov Chains;
              Sequence Alignment; Sequence Alignment: methods;
              Software;Programs;Thesis References;Thesis
              References/02\_Rhodopsin/Auxillary"
}

@ARTICLE{Altschul1997,
  title    = "Gapped {BLAST} and {PSI-BLAST}: a new generation of protein
              database search programs",
  author   = "Altschul, S F and Madden, T L and Sch{\"{a}}ffer, A a and Zhang,
              J and Zhang, Z and Miller, W and Lipman, D J",
  journal  = "Nucleic Acids Res.",
  volume   =  25,
  number   =  17,
  pages    = "3389--3402",
  month    =  sep,
  year     =  1997,
  keywords = "Algorithms; Amino Acid Sequence; Animals; Databases; DNA; DNA:
              chemistry; Factual; Humans; Molecular Sequence Data; Proteins;
              Proteins: chemistry; Sequence Alignment; Software;Programs;Thesis
              References/10\_Appendix;Thesis References"
}

@ARTICLE{Youssef2013,
  title    = "Genome of the anaerobic fungus \textit{Orpinomyces} sp. {C1A}
              reveals the unique evolutionary history of a remarkable plant
              biomass degrader",
  author   = "Youssef, Noha H and Couger, Mb and Struchtemeyer, Christopher G
              and Liggenstoffer, Audra S and Prade, Rolf A and Najar, Fares Z
              and Atiyeh, Hasan K and Wilkins, Mark R and Elshahed, Mostafa S",
  journal  = "Appl. Environ. Microbiol.",
  volume   =  79,
  number   =  15,
  pages    = "4620--4634",
  month    =  may,
  year     =  2013,
  keywords = "Unsorted/duplicates;Genomes;Thesis References;Thesis
              References/01\_Intro"
}

@ARTICLE{Li2007,
  title    = "Heterotrimeric {G} protein signaling in filamentous fungi",
  author   = "Li, Liande and Wright, Sara J and Krystofova, Svetlana and Park,
              Gyungsoon and Borkovich, Katherine A",
  journal  = "Annu. Rev. Microbiol.",
  volume   =  61,
  pages    = "423--452",
  month    =  jan,
  year     =  2007,
  keywords = "Cyclic AMP; Cyclic AMP: physiology; Fungi; Fungi: pathogenicity;
              Fungi: physiology; GTP-Binding Protein Regulators; GTP-Binding
              Protein Regulators: physiology; Heterotrimeric GTP-Binding
              Proteins; Heterotrimeric GTP-Binding Proteins: physiology; MAP
              Kinase Signaling System; Receptors, G-Protein-Coupled; Receptors,
              G-Protein-Coupled: physiology; Signal Transduction; Signal
              Transduction: physiology; Virulence;GPCR;Thesis
              References/02\_Rhodopsin/Auxillary;Thesis References"
}

@ARTICLE{Pearson1988,
  title    = "Improved tools for biological sequence comparison",
  author   = "Pearson, W R and Lipman, D J",
  journal  = "Proc. Natl. Acad. Sci. U. S. A.",
  volume   =  85,
  number   =  8,
  pages    = "2444--2448",
  month    =  apr,
  year     =  1988,
  keywords = "Amino Acid Sequence; Animals; Base Sequence; Globins; Globins:
              genetics; Humans; Information Systems; Molecular Sequence Data;
              Peptides; Peptides: genetics; Receptors, Antigen, T-Cell;
              Receptors, Antigen, T-Cell: genetics; Sequence Homology, Nucleic
              Acid; Software; Transforming Growth
              Factors;Unsorted/duplicates;Programs;Thesis
              References/02\_Rhodopsin/Auxillary;Thesis References"
}

@ARTICLE{Paulitz1984,
  title    = "Is \textit{Spizellomyces punctatum} a Parasite or Saprophyte of
              {Vesicular-Arbuscular} Mycorrhizal Fungi?",
  author   = "Paulitz, Author T C and Menge, J A and Paulitz, T C",
  journal  = "Mycologia",
  volume   =  76,
  number   =  1,
  pages    = "99--107",
  year     =  1984,
  keywords = "Fungi;Thesis References/01\_Intro;Thesis References"
}

@ARTICLE{Morris2009,
  title    = "{AutoDock4} and {AutoDockTools4}: Automated Docking with
              Selective Receptor Flexibility",
  author   = "Morris, Garrett M and Huey, Ruth and Lindstrom, William and
              Sanner, Michel F and Belew, Richard K and Goodsell, David S and
              Olson, Arthur J",
  journal  = "Journal of Computational Chemistry",
  volume   =  30,
  number   =  16,
  pages    = "2785--2791",
  month    =  "30~" # dec,
  year     =  2009,
  keywords = "autodock; computational docking; computer-aided drug; covalent
              ligands; protein flexibility;Programs;Thesis
              References/02\_Rhodopsin/Structural;Thesis References"
}

@ARTICLE{Berger1998,
  title    = "Chytridiomycosis causes amphibian mortality associated with
              population declines in the rain forests of {Australia} and
              {Central} {America}",
  author   = "Berger, Lee and Speare, Rick and Daszak, Peter and Green, D Earl
              and Cunningham, Andrew A and Goggin, C Louise and Slocombe, Ron
              and Ragan, Mark A and Hyatt, Alex D and McDonald, Ketih R and
              Hines, Harry B and Lips, Karen R and Marantelli, Gerry and
              Parkes, Helen",
  journal  = "Proc. Natl. Acad. Sci. U. S. A.",
  volume   =  95,
  number   =  15,
  pages    = "9031--9036",
  month    =  jul,
  year     =  1998,
  keywords = "Animals; Anura; Australia; Central America; DNA; Electron; Fungi;
              Fungi: classification; Fungi: genetics; Microscopy; Molecular
              Sequence Data; Mycoses; Mycoses: pathology; Phylogeny; Population
              Dynamics; Ribosomal; Ribosomal: genetics; Scanning; Skin; Skin
              Diseases; Skin Diseases: pathology; Skin: ultrastructure; Trees;
              Tropical
              Climate;Fungi/Chytrids;Unsorted/duplicates;Fungi;Interesting
              papers;Thesis References/01\_Intro;Thesis References"
}

@ARTICLE{Birge1990,
  title    = "Nature of the primary photochemical events in rhodopsin and
              bacteriorhodopsin",
  author   = "Birge, Robert R",
  journal  = "Biochim. Biophys. Acta",
  volume   =  1016,
  number   =  3,
  pages    = "293--327",
  month    =  apr,
  year     =  1990,
  keywords = "Amino Acid Sequence; Bacteriorhodopsins; Bacteriorhodopsins:
              metabolism; Binding Sites; Molecular Sequence Data; Molecular
              Structure; Photochemistry; Retinal Pigments; Retinal Pigments:
              metabolism; Rhodopsin; Rhodopsin: metabolism; Spectrum Analysis;
              Structure-Activity Relationship;Ahrendt Chytropsin
              Paper;Environment Sensing/Light Sensing/Rhodopsin;Thesis
              References/02\_Rhodopsin/Structural;Thesis References"
}

@ARTICLE{Shichida2009,
  title    = "Evolution of opsins and phototransduction",
  author   = "Shichida, Yoshinori and Matsuyama, Take",
  journal  = "Philos. Trans. R. Soc. Lond. B Biol. Sci.",
  volume   =  364,
  number   =  1531,
  pages    = "2881--2895",
  month    =  oct,
  year     =  2009,
  keywords = "Animals; Evolution; GTP-Binding Proteins; GTP-Binding Proteins:
              genetics; Molecular; Mutagenesis; Ocular; Ocular: genetics;
              Opsins; Opsins: genetics; Photoreceptor Cells; Phylogeny;
              Site-Directed; Vertebrate; Vertebrate: physiology;
              Vision;Environment Sensing/Light Sensing;Environment
              Sensing/Light Sensing/Rhodopsin;Interesting papers;Thesis
              References/02\_Rhodopsin/Structural;Thesis References"
}

@ARTICLE{Joneson2011,
  title     = "Genomic Transition to Pathogenicity in Chytrid Fungi",
  author    = "Joneson, Suzanne and Stajich, Jason E and Shiu, Shin-Han and
               Rosenblum, Erica Bree",
  editor    = "Cowen, Leah E",
  journal   = "PLoS Pathog.",
  publisher = "Public Library of Science",
  volume    =  7,
  number    =  11,
  pages     = "e1002338",
  month     =  nov,
  year      =  2011,
  keywords  = "Biology; Comparative genomics; Emerging infectious diseases;
               Evolutionary Biology; Fungi; Genetics and Genomics; Genome
               sequencing; Genomics; Microbiology; Mycology; Research
               Article;Fungi;Fungi/Chytrids;Jason;Fungi/Chytrids/Hp;REU Review
               papers;Inhibition;Ahrendt Inhibition Paper;Thesis
               References/03\_Inhibition;Thesis References/01\_Intro;Thesis
               References"
}

@ARTICLE{Bieszke1999,
  title    = "A eukaryotic protein, {{NOP-1}}, binds retinal to form an
              archaeal rhodopsin-like photochemically reactive pigment",
  author   = "Bieszke, Jennifer A and Spudich, E N and Scott, K L and
              Borkovich, Katherine A and Spudich, J L",
  journal  = "Biochemistry",
  volume   =  38,
  number   =  43,
  pages    = "14138--14145",
  month    =  oct,
  year     =  1999,
  keywords = "Amino Acid Sequence; Archaeal Proteins; Archaeal Proteins:
              chemistry; Archaeal Proteins: metabolism; Binding Sites; Carrier
              Proteins; Carrier Proteins: biosynthesis; Carrier Proteins:
              chemistry; Carrier Proteins: genetics; Carrier Proteins:
              metabolism; Fungal Proteins; Fungal Proteins: biosynthesis;
              Fungal Proteins: chemistry; Fungal Proteins: genetics; Fungal
              Proteins: metabolism; Gene Expression; Genes, Fungal; Molecular
              Sequence Data; Neurospora crassa; Neurospora crassa: chemistry;
              Neurospora crassa: genetics; Neurospora crassa: metabolism;
              Photochemistry; Pichia; Pichia: genetics; Pichia: metabolism;
              Pigments, Biological; Pigments, Biological: biosynthesis;
              Pigments, Biological: chemistry; Pigments, Biological: genetics;
              Pigments, Biological: metabolism; Rhodopsin; Rhodopsin:
              chemistry; Rhodopsin: genetics; Rhodopsin: metabolism; Sequence
              Alignment;Environment Sensing/Light Sensing/Rhodopsin;Thesis
              References/02\_Rhodopsin/Auxillary;Thesis References"
}

@ARTICLE{Idnurm2010,
  title     = "A glimpse into the basis of vision in the kingdom {Mycota}",
  author    = "Idnurm, Alexander and Verma, Surbhi and Corrochano, Luis M",
  journal   = "Fungal Genet. Biol.",
  publisher = "Elsevier Inc.",
  volume    =  47,
  number    =  11,
  pages     = "881--892",
  month     =  nov,
  year      =  2010,
  keywords  = "Environment Sensing/Light Sensing/Rhodopsin;Environment
               Sensing/Light Sensing;Thesis References/01\_Intro;Thesis
               References;Thesis References/02\_Rhodopsin/Structural"
}

@ARTICLE{Schweiger1994,
  title    = "Bacteriorhodopsin can function without a covalent linkage between
              retinal and protein",
  author   = "Schweiger, U and Tittor, J and Oesterhelt, D",
  journal  = "Biochemistry",
  volume   =  33,
  number   =  2,
  pages    = "535--541",
  month    =  jan,
  year     =  1994,
  keywords = "Bacteriorhodopsins; Bacteriorhodopsins: genetics;
              Bacteriorhodopsins: metabolism; Cell Membrane; Cell Membrane:
              chemistry; Cell Membrane: metabolism; Escherichia coli;
              Escherichia coli: genetics; Halobacterium; Halobacterium:
              genetics; Hydrogen-Ion Concentration; Kinetics; Light; Lysine;
              Lysine: genetics; Lysine: metabolism; Photolysis; Proton Pumps;
              Proton Pumps: metabolism; Retinaldehyde; Retinaldehyde:
              metabolism; Retinoids; Retinoids: metabolism; Schiff
              Bases;Environment Sensing/Light Sensing/Rhodopsin;Ahrendt
              Chytropsin Paper;Thesis
              References/02\_Rhodopsin/Structural;Thesis References"
}

@ARTICLE{Murakami2008,
  title    = "Crystal structure of squid rhodopsin",
  author   = "Murakami, Midori and Kouyama, Tsutomu",
  journal  = "Nature",
  volume   =  453,
  number   =  7193,
  pages    = "363--367",
  month    =  may,
  year     =  2008,
  keywords = "Amino Acid Sequence; Animals; Crystallography, X-Ray;
              Decapodiformes; Decapodiformes: chemistry; Dimerization; Models,
              Molecular; Molecular Sequence Data; Protein Structure, Secondary;
              Retinaldehyde; Retinaldehyde: metabolism; Rhodopsin; Rhodopsin:
              chemistry; Rhodopsin: metabolism; Schiff Bases; Vision, Ocular;
              Vision, Ocular: physiology; Water; Water: chemistry; Water:
              metabolism;Environment Sensing/Light
              Sensing/Rhodopsin;Unsorted/duplicates;Thesis
              References/02\_Rhodopsin/Structural;Thesis References"
}

@ARTICLE{Abdulaev1997,
  title    = "Functional expression of bovine opsin in the methylotrophic yeast
              \textit{Pichia pastoris}",
  author   = "Abdulaev, Najmoutin G and Popp, Michael P and Smith, W Clay and
              Ridge, Kevin D",
  journal  = "Protein Expr. Purif.",
  volume   =  10,
  number   =  1,
  pages    = "61--69",
  month    =  jun,
  year     =  1997,
  keywords = "Alcohol Oxidoreductases; Alcohol Oxidoreductases: genetics;
              Animals; Cattle; Cloning, Molecular; DNA, Fungal; DNA, Fungal:
              genetics; Fungal; Fungal Proteins; Fungal Proteins: genetics;
              Fungal: genetics; Genes; Genes, Fungal; Genetic; Genetic Vectors;
              Genetic Vectors: genetics; Glycosylation; Molecular; Pichia;
              Pichia: genetics; Polymerase Chain Reaction; Post-Translational;
              Promoter Regions, Genetic; Protein Processing,
              Post-Translational; Recombinant Fusion Proteins; Recombinant
              Fusion Proteins: biosynthesis; Retinaldehyde; Retinaldehyde:
              metabolism; Rhodopsin; Rhodopsin: biosynthesis; Rhodopsin:
              genetics; Rhodopsin: isolation \& purification; Rod Opsins; Rod
              Opsins: biosynthesis; Rod Opsins: genetics;Environment
              Sensing/Light Sensing/Rhodopsin;Thesis
              References/02\_Rhodopsin/Auxillary;Thesis References"
}

@ARTICLE{Corrochano2007,
  title    = "Fungal photoreceptors: sensory molecules for fungal development
              and behaviour",
  author   = "Corrochano, Luis M",
  journal  = "Photochem. Photobiol. Sci.",
  volume   =  6,
  number   =  7,
  pages    = "725--736",
  month    =  jul,
  year     =  2007,
  keywords = "Aspergillus nidulans; Aspergillus nidulans: metabolism;
              Aspergillus nidulans: radiation effects; Fungal Proteins; Fungal
              Proteins: metabolism; Light; Neurospora; Neurospora: metabolism;
              Neurospora: radiation effects; Photoreceptors, Microbial;
              Photoreceptors, Microbial: physiology;Environment Sensing/Light
              Sensing;Environment Sensing/Light Sensing/Rhodopsin;Thesis
              References/01\_Intro;Thesis References;Thesis
              References/02\_Rhodopsin/Structural"
}

@ARTICLE{Smith2010,
  title    = "Structure and activation of the visual pigment rhodopsin",
  author   = "Smith, Steven O",
  journal  = "Annu. Rev. Biophys.",
  volume   =  39,
  pages    = "309--328",
  month    =  jun,
  year     =  2010,
  keywords = "Animals; Humans; Retinaldehyde; Retinaldehyde: metabolism;
              Rhodopsin; Rhodopsin: chemistry; Rhodopsin: metabolism; Signal
              Transduction;Ahrendt Chytropsin Paper;Environment Sensing/Light
              Sensing/Rhodopsin;Thesis References/01\_Intro;Thesis
              References;Thesis References/02\_Rhodopsin/Structural"
}

@ARTICLE{Sekharan2011,
  title    = "Why 11-\textit{cis}-Retinal? Why Not 7-\textit{cis},
              9-\textit{cis} or 13-\textit{cis}-Retinal in the Eye?",
  author   = "Sekharan, Sivakumar and Morokuma, Keiji",
  journal  = "J. Am. Chem. Soc.",
  volume   =  133,
  number   =  47,
  pages    = "19052--19055",
  month    =  "30~" # nov,
  year     =  2011,
  keywords = "Environment Sensing/Light Sensing/Rhodopsin;Ahrendt Chytropsin
              Paper;Thesis References/02\_Rhodopsin/Structural;Thesis
              References"
}

@ARTICLE{White2006,
  title    = "Phylogeny of the {Zygomycota} based on nuclear ribosomal sequence
              data",
  author   = "White, Merlin M and James, Timothy Y and O'Donnell, Kerry and
              Cafaro, Mat\'{\i}as J and Tanabe, Yuuhiko and Sugiyama, Junta and
              Carolina, North and Donnell, Kerry O",
  journal  = "Mycologia",
  volume   =  98,
  number   =  6,
  pages    = "872--884",
  year     =  2006,
  keywords = "18S; 18S: genetics; 28S; 28S: genetics; 5.8S; 5.8S: genetics;
              asellariales; basal lineages; chytridio-; DNA; Ecology; Electron;
              Fungal; Fungal: genetics; fungi; Fungi: classification; Fungi:
              cytology; Fungi: genetics; Fungi: ultrastructure; Microscopy;
              molecular systematics; mycota; Nucleic Acid; opisthokont;
              Phylogeny; Ribosomal; Ribosomal: genetics; RNA; Scanning;
              Sequence Homology;Fungi;Thesis References/01\_Intro;Thesis
              References"
}

@ARTICLE{Spudich2000,
  title     = "Retinylidene proteins: structures and functions from archaea to
               humans",
  author    = "Spudich, J L and Yang, C S and Jung, K H and Spudich, E N",
  journal   = "Annu. Rev. Cell Dev. Biol.",
  publisher = "Annual Reviews 4139 El Camino Way, P.O. Box 10139, Palo Alto, CA
               94303-0139, USA",
  volume    =  16,
  pages     = "365--392",
  month     =  jan,
  year      =  2000,
  keywords  = "Amino Acid Sequence; Animals; Archaea; Archaea: metabolism;
               Archaeal Proteins; Archaeal Proteins: chemistry; Archaeal
               Proteins: physiology; Eukaryotic Cells; Humans; Molecular
               Sequence Data; Retinoids; Retinoids: chemistry; Rhodopsin;
               Rhodopsin: chemistry; Rhodopsin: physiology; Structure-Activity
               Relationship;Environment Sensing/Light Sensing/Rhodopsin;Thesis
               References/02\_Rhodopsin/Structural;Thesis References;Thesis
               References/02\_Rhodopsin/Auxillary"
}

@ARTICLE{Saranak1997,
  title    = "Rhodopsin guides fungal phototaxis",
  author   = "Saranak, Jureepan and Foster, Kenneth W",
  journal  = "Nature",
  volume   =  387,
  number   =  6632,
  pages    = "465--466",
  month    =  may,
  year     =  1997,
  keywords = "Chytridiomycota; Chytridiomycota: drug effects; Chytridiomycota:
              physiology; Chytridiomycota: radiation effects; Light; Movement;
              Photoreceptor Cells; Photoreceptor Cells: physiology;
              Pyridazines; Pyridazines: pharmacology; Retinaldehyde;
              Retinaldehyde: analogs \& derivatives; Rhodopsin; Rhodopsin:
              physiology;Fungi/Chytrids;Environment Sensing;Environment
              Sensing/Light Sensing/Rhodopsin;Fungi;Thesis
              References/01\_Intro;Thesis References;Thesis
              References/02\_Rhodopsin/Auxillary"
}

@ARTICLE{Bolker1998,
  title    = "Sex and crime: heterotrimeric {G} proteins in fungal mating and
              pathogenesis",
  author   = "B{\"{o}}lker, M",
  journal  = "Fungal Genet. Biol.",
  volume   =  25,
  number   =  3,
  pages    = "143--156",
  month    =  dec,
  year     =  1998,
  keywords = "Fungal Proteins; Fungal Proteins: genetics; Fungal Proteins:
              physiology; Fungi; Fungi: genetics; Fungi: pathogenicity; Fungi:
              physiology; GTP-Binding Proteins; GTP-Binding Proteins: genetics;
              GTP-Binding Proteins: physiology; Humans; Mycoses; Mycoses:
              microbiology; Reproduction; Signal Transduction;
              Virulence;Unsorted/duplicates;GPCR/Galpha;GPCR;Thesis
              References/02\_Rhodopsin/Auxillary;Thesis References"
}

@ARTICLE{James2013,
  title     = "Shared signatures of parasitism and phylogenomics unite
               {Cryptomycota} and {Microsporidia}",
  author    = "James, Timothy Y and Pelin, Adrian and Bonen, Linda and Ahrendt,
               Steven and Sain, Divya and Corradi, Nicolas and Stajich, Jason E",
  journal   = "Curr. Biol.",
  publisher = "Elsevier Ltd",
  volume    =  23,
  number    =  16,
  pages     = "1548--1553",
  month     =  aug,
  year      =  2013,
  keywords  = "My Papers;Fungi;Jason;Ahrendt Inhibition Paper;Thesis
               References/03\_Inhibition;Thesis References"
}

@ARTICLE{Koch1958motileII,
  title    = "Studies of the motile cells of chytrids. {II}. {Internal}
              structure of the body observed with light microscopy",
  author   = "Koch, William J",
  journal  = "Am. J. Bot.",
  volume   =  45,
  number   =  1,
  pages    = "60--72",
  year     =  1958,
  keywords = "Fungi/Chytrids;Unsorted/duplicates;Fungi;REU Review papers;Thesis
              References/01\_Intro;Thesis References"
}

@ARTICLE{Koch1958motileI,
  title    = "Studies of the motile cells of chytrids. {I}. {Electron}
              microscope observations of the flagellum, blepharoplast, and
              rhizoplast",
  author   = "Koch, William J",
  journal  = "Am. J. Bot.",
  volume   =  45,
  number   =  10,
  pages    = "811--819",
  year     =  1958,
  keywords = "Fungi/Chytrids;Unsorted/duplicates;Fungi;REU Review papers;Thesis
              References/01\_Intro;Thesis References"
}

@ARTICLE{Terakita2005,
  title    = "The opsins",
  author   = "Terakita, Akihisa",
  journal  = "Genome Biol.",
  volume   =  6,
  number   =  3,
  pages    = "213",
  year     =  2005,
  keywords = "Environment Sensing/Light Sensing;Environment Sensing/Light
              Sensing/Rhodopsin;Thesis
              References/02\_Rhodopsin/Structural;Thesis References"
}

@ARTICLE{Min2010,
  title    = "Evaluation of Computational Methods for Secreted Protein
              Prediction in Different Eukaryotes",
  author   = "Min, Xiang Jia",
  journal  = "J. Proteomics Bioinform.",
  volume   =  3,
  number   =  5,
  pages    = "143--147",
  month    =  "21~" # apr,
  year     =  2010,
  keywords = "Inhibition;Ahrendt Inhibition Paper;Thesis
              References/03\_Inhibition;Thesis References"
}

@ARTICLE{Blin2013,
  title       = "{antiSMASH} 2.0--a versatile platform for genome mining of
                 secondary metabolite producers",
  author      = "Blin, Kai and Medema, Marnix H and Kazempour, Daniyal and
                 Fischbach, Michael A and Breitling, Rainer and Takano, Eriko
                 and Weber, Tilmann",
  affiliation = "Interfaculty Institute of Microbiology and Infection Medicine
                 T{\"{u}}bingen, Eberhard Karls University T{\"{u}}bingen,
                 72076, Germany.",
  journal     = "Nucleic Acids Res.",
  volume      =  41,
  number      = "Web Server issue",
  pages       = "W204--12",
  month       =  "3~" # jun,
  year        =  2013,
  keywords    = "Inhibition;Ahrendt Inhibition Paper;Thesis
                 References/03\_Inhibition;Thesis References"
}

@ARTICLE{Haimo1981,
  title    = "Cilia, flagella, and microtubules",
  author   = "Haimo, L T and Rosenbaum, J L",
  journal  = "J. Cell Biol.",
  volume   =  91,
  number   = "3 Pt 2",
  pages    = "125s--130s",
  month    =  dec,
  year     =  1981,
  keywords = "Animals; Chemical Phenomena; Chemistry; Cilia; Cilia: physiology;
              Cilia: ultrastructure; Dyneins; Dyneins: metabolism; Flagella;
              Flagella: physiology; Flagella: ultrastructure;
              Microtubule-Associated Proteins; Microtubules; Microtubules:
              analysis; Microtubules: physiology; Microtubules: ultrastructure;
              Movement; Polymers; Proteins; Proteins: physiology; Tubulin;
              Tubulin: metabolism;Fungi/Chytrids/Flagella;Interesting
              papers;Thesis References/10\_Appendix;Thesis References"
}

@ARTICLE{James2006Blasto,
  title    = "A molecular phylogeny of the flagellated fungi
              ({Chytridiomycota}) and description of a new phylum
              ({Blastocladiomycota})",
  author   = "James, Timothy Y and Letcher, Peter M and Longcore, Joyce E and
              Mozley-Standridge, Sharon E and Porter, David and Powell, Martha
              J and Griffith, Gareth W and Vilgalys, Rytas",
  journal  = "Mycologia",
  volume   =  98,
  number   =  6,
  pages    = "860--871",
  year     =  2006,
  keywords = "Chytridiomycota; Chytridiomycota: classification;
              Chytridiomycota: genetics; Chytridiomycota: ultrastructure; DNA,
              Fungal; DNA, Fungal: chemistry; DNA, Fungal: genetics; DNA,
              Ribosomal; DNA, Ribosomal: chemistry; DNA, Ribosomal: genetics;
              Fungi; Fungi: classification; Fungi: genetics; Fungi:
              ultrastructure; Microscopy, Electron, Transmission; Phylogeny;
              RNA, Ribosomal, 18S; RNA, Ribosomal, 18S: genetics; RNA,
              Ribosomal, 28S; RNA, Ribosomal, 28S: genetics; RNA, Ribosomal,
              5.8S; RNA, Ribosomal, 5.8S: genetics; Sequence Analysis,
              DNA;Fungi/Chytrids;Fungi;Jason;Thesis
              References/03\_Inhibition;Thesis References;Test"
}

@ARTICLE{James2006sixGene,
  title    = "Reconstructing the early evolution of {Fungi} using a six-gene
              phylogeny",
  author   = "James, Timothy Y and Kauff, Frank and Schoch, Conrad L and
              Matheny, P Brandon and Hofstetter, Val\'{e}rie and Cox, Cymon J
              and Celio, Gail and Gueidan, C\'{e}cile and Fraker, Emily and
              Mi\k{a}dlikowska, Jolanta and Lumbsch, H Thorsten and Rauhut,
              Alexandra and Reeb, Val\'{e}rie and Arnold, A Elizabeth and
              Amtoft, Anja and Stajich, Jason E and Hosaka, Kentaro and Sung,
              Gi-Ho and Johnson, Desiree and O'Rourke, Ben and Crockett,
              Michael and Binder, Manfred and Curtis, Judd M and Slot, Jason C
              and Wang, Zheng and Wilson, Andrew W and Sch{\"{u}}ssler, Arthur
              and Longcore, Joyce E and O'Donnell, Kerry and Mozley-Standridge,
              Sharon E and Porter, David and Letcher, Peter M and Powell,
              Martha J and Taylor, John W and White, Merlin M and Griffith,
              Gareth W and Davies, David R and Humber, Richard A and Morton,
              Joseph B and Sugiyama, Junta and Rossman, Amy Y and Rogers, Jack
              D and Pfister, Don H and Hewitt, David and Hansen, Karen and
              Hambleton, Sarah and Shoemaker, Robert A and Kohlmeyer, Jan and
              Volkmann-Kohlmeyer, Brigitte and Spotts, Robert A and Serdani,
              Maryna and Crous, Pedro W and Hughes, Karen W and Matsuura, Kenji
              and Langer, Ewald and Langer, Gitta and Untereiner, Wendy A and
              L{\"{u}}cking, Robert and B{\"{u}}del, Burkhard and Geiser, David
              M and Aptroot, Andr\'{e} and Diederich, Paul and Schmitt, Imke
              and Schultz, Matthias and Yahr, Rebecca and Hibbett, David S and
              Lutzoni, Fran\c{c}ois and McLaughlin, David J and Spatafora,
              Joseph W and Vilgalys, Rytas",
  journal  = "Nature",
  volume   =  443,
  number   =  7113,
  pages    = "818--822",
  month    =  oct,
  year     =  2006,
  keywords = "Chytridiomycota; Chytridiomycota: classification;
              Chytridiomycota: genetics; Evolution; Fungal; Fungal: genetics;
              Fungi; Fungi: classification; Fungi: genetics; Genes;
              Microsporidia; Microsporidia: classification; Microsporidia:
              genetics; Molecular; Phylogeny;Fungi;Jason;Fungi/Chytrids;REU
              Review papers;Test;Thesis References/01\_Intro;Thesis References"
}

@ARTICLE{Hibbett2007,
  title    = "A higher-level phylogenetic classification of the {Fungi}",
  author   = "Hibbett, David S and Binder, Manfred and Bischoff, Joseph F and
              Blackwell, Meredith and Cannon, Paul F and Eriksson, Ove E and
              Huhndorf, Sabine and James, Timothy Y and Kirk, Paul M and
              L{\"{u}}cking, Robert and Lumbsch, H Thorsten and Lutzoni,
              Fran\c{c}ois and Matheny, P Brandon and McLaughlin, David J and
              Powell, Martha J and Redhead, Scott and Schoch, Conrad L and
              Spatafora, Joseph W and Stalpers, Joost A and Vilgalys, Rytas and
              Aime, M Catherine and Aptroot, Andr\'{e} and Bauer, Robert and
              Begerow, Dominik and Benny, Gerald L and Castlebury, Lisa A and
              Crous, Pedro W and Dai, Yu-Cheng and Gams, Walter and Geiser,
              David M and Griffith, Gareth W and Gueidan, C\'{e}cile and
              Hawksworth, David L and Hestmark, Geir and Hosaka, Kentaro and
              Humber, Richard A and Hyde, Kevin D and Ironside, Joseph E and
              K\~{o}ljalg, Urmas and Kurtzman, Cletus P and Larsson,
              Karl-Henrik and Lichtwardt, Robert and Longcore, Joyce E and
              Mi\k{a}dlikowska, Jolanta and Miller, Andrew and Moncalvo,
              Jean-Marc and Mozley-Standridge, Sharon E and Oberwinkler, Franz
              and Parmasto, Erast and Reeb, Val\'{e}rie and Rogers, Jack D and
              Roux, Claude and Ryvarden, Leif and Sampaio, Jos\'{e} Paulo and
              Sch{\"{u}}\ss{}ler, Arthur and Sugiyama, Junta and Thorn, R Greg
              and Tibell, Leif and Untereiner, Wendy A and Walker, Christopher
              and Wang, Zheng and Weir, Alex and Weiss, Michael and White,
              Merlin M and Winka, Katarina and Yao, Yi-Jian and Zhang, Ning",
  journal  = "Mycol. Res.",
  volume   =  111,
  number   = "Pt 5",
  pages    = "509--547",
  month    =  may,
  year     =  2007,
  keywords = "AFTOL; Eumycota; Lichens; Molecular phylogenetics; Mycota;
              Neocallimastigomycota; Nomenclature;
              Systematics;Fungi;Fungi/Chytrids;Jason;Thesis
              References/01\_Intro;Thesis References"
}

@ARTICLE{Sekimoto2011,
  title     = "A multigene phylogeny of \textit{Olpidium} and its implications
               for early fungal evolution",
  author    = "Sekimoto, Satoshi and Rochon, D'ann and Long, Jennifer E and
               Dee, Jaclyn M and Berbee, Mary L",
  journal   = "BMC Evol. Biol.",
  publisher = "BioMed Central Ltd",
  volume    =  11,
  number    =  1,
  pages     = "331",
  month     =  jan,
  year      =  2011,
  keywords  = "Chytridiomycota; Chytridiomycota: cytology; Chytridiomycota:
               genetics; DNA, Fungal; DNA, Fungal: genetics; DNA, Fungal:
               isolation \& purification; Evolution, Molecular; Fungi; Fungi:
               cytology; Fungi: genetics; Phylogeny; RNA, Fungal; RNA, Fungal:
               genetics; RNA, Fungal: isolation \&
               purification;Fungi;Fungi/Chytrids;Jason;Thesis
               References/10\_Appendix;Thesis References"
}

@ARTICLE{Wainright1993,
  title    = "Monophyletic origins of the {Metazoa}: an evolutionary link with
              {Fungi}",
  author   = "Wainright, P and Hinkle, G and Sogin, M and Stickel, S",
  journal  = "Science",
  volume   =  260,
  number   =  5106,
  pages    = "340--342",
  month    =  apr,
  year     =  1993,
  keywords = "Unsorted/duplicates;Fungi/Evolution of Multicellularity;Thesis
              References/01\_Intro;Thesis References"
}

@ARTICLE{Federici1983,
  title       = "Species-specific gating of gametangial dehiscence as a
                 temporal reproductive isolating mechanism in
                 \textit{Coelomomyces}",
  author      = "Federici, B A",
  affiliation = "Division of Biological Control, Department of Entomology,
                 University of California, Riverside, California 92521.",
  journal     = "Proc. Natl. Acad. Sci. U. S. A.",
  volume      =  80,
  number      =  2,
  pages       = "604--607",
  month       =  jan,
  year        =  1983,
  keywords    = "Fungi/Chytrids;Fungi;Fungi/Chytrids/Coelomomyces;Ahrendt
                 Coelomomyces Paper;Thesis References/04\_Coelomomyces;Thesis
                 References"
}

@ARTICLE{Couch1972,
  title    = "Mass Production of \textit{Coelomomyces}, a Fungus That Kills
              Mosquitoes",
  author   = "Couch, J N",
  journal  = "Proceedings of the National Academy of Sciences",
  volume   =  69,
  number   =  8,
  pages    = "2043--2047",
  month    =  aug,
  year     =  1972,
  keywords = "
              chytrid;coelomomyces;Fungi/Chytrids;Fungi;Fungi/Chytrids/Coelomomyces;Ahrendt
              Coelomomyces Paper;Ahrendt Inhibition Paper;Thesis
              References/03\_Inhibition;Thesis References"
}

@ARTICLE{Simmons2009,
  title     = "\textit{Lobulomycetales}, a new order in the {Chytridiomycota}",
  author    = "Simmons, D Rabern and James, Timothy Y and Meyer, Allen F and
               Longcore, Joyce E",
  journal   = "Mycol. Res.",
  publisher = "Elsevier Ltd",
  volume    =  113,
  number    = "Pt 4",
  pages     = "450--460",
  month     =  apr,
  year      =  2009,
  keywords  = "Chytridiomycota; Chytridium polysiphoniae; Clydaea; DNA;
               Lobulomyces; Maunachytrium; Phylogeny;
               Ribosomal;Fungi/Chytrids;Fungi;Thesis
               References/01\_Intro;Thesis References"
}

@ARTICLE{Royant2001,
  title    = "X-ray structure of sensory rhodopsin {II} at {2.1-\AA} resolution",
  author   = "Royant, A and Nollert, P and Edman, K and Neutze, R and Landau, E
              M and Pebay-Peyroula, E and Navarro, J",
  journal  = "Proc. Natl. Acad. Sci. U. S. A.",
  volume   =  98,
  number   =  18,
  pages    = "10131--10136",
  month    =  aug,
  year     =  2001,
  keywords = "Animals; Archaeal Proteins; Bacteriorhodopsins;
              Bacteriorhodopsins: chemistry; Bacteriorhodopsins: genetics;
              Binding Sites; Carotenoids; Crystallography; Halorhodopsins;
              Models; Molecular; Natronobacterium; Natronobacterium: chemistry;
              Natronobacterium: genetics; Protein Conformation; Retinaldehyde;
              Retinaldehyde: chemistry; Sensory Rhodopsins; Static Electricity;
              X-Ray;Environment Sensing/Light Sensing/Rhodopsin;Thesis
              References/02\_Rhodopsin/Structural;Thesis References"
}

@ARTICLE{Ballario1997,
  title    = "White collar proteins: {PASsing} the light signal in
              \textit{Neurospora crassa}",
  author   = "Ballario, P and Macino, G",
  journal  = "Trends Microbiol.",
  volume   =  5,
  number   =  11,
  pages    = "458--462",
  month    =  nov,
  year     =  1997,
  keywords = "Circadian Rhythm; DNA-Binding Proteins; DNA-Binding Proteins:
              genetics; DNA-Binding Proteins: metabolism; DNA-Binding Proteins:
              radiation effects; Fungal Proteins; Fungal Proteins: genetics;
              Fungal Proteins: metabolism; Fungal Proteins: radiation effects;
              Genes, Fungal; Light; Mutation; Neurospora crassa; Neurospora
              crassa: genetics; Neurospora crassa: metabolism; Neurospora
              crassa: radiation effects; Photobiology; Signal Transduction;
              Signal Transduction: radiation effects; Transcription Factors;
              Transcription Factors: genetics; Transcription Factors:
              metabolism; Transcription Factors: radiation effects;Environment
              Sensing/Light Sensing;Thesis References/01\_Intro;Thesis
              References;Thesis References/02\_Rhodopsin/Structural"
}

@ARTICLE{Okada2004,
  title    = "The Retinal Conformation and its Environment in Rhodopsin in
              Light of a New {2.2\AA} Crystal Structure",
  author   = "Okada, Tetsuji and Sugihara, Minoru and Bondar, Ana-Nicoleta and
              Elstner, Marcus and Entel, Peter and Buss, Volker",
  journal  = "J. Mol. Biol.",
  volume   =  342,
  number   =  2,
  pages    = "571--583",
  year     =  2004,
  keywords = "GPCR; MD; MM; molecular dynamics; molecular dynamics simulation;
              molecular mechanics; QM; quantum mechanics; quantum-chemistry;
              rhodopsin; X-ray crystallography;Thesis References;Thesis
              References/02\_Rhodopsin/Structural"
}

@ARTICLE{Stajich2009,
  title    = "The {Fungi}",
  author   = "Stajich, Jason E and Berbee, Mary L and Blackwell, Meredith and
              Hibbett, David S and James, Timothy Y and Spatafora, Joseph W and
              Taylor, John W",
  journal  = "Curr. Biol.",
  volume   =  19,
  number   =  18,
  pages    = "R840--5",
  month    =  sep,
  year     =  2009,
  keywords = "Fungal; Fungi; Fungi: cytology; Fungi: genetics; Fungi:
              physiology; Genome; Haploidy; Phylogeny; Species
              Specificity;Fungi;Jason;REU Review papers;Thesis
              References/01\_Intro;Thesis References"
}

@ARTICLE{Notredame2000,
  title    = "{T-Coffee}: A novel method for fast and accurate multiple
              sequence alignment",
  author   = "Notredame, Cedric and Higgins, D G and Heringa, J",
  journal  = "J. Mol. Biol.",
  volume   =  302,
  number   =  1,
  pages    = "205--217",
  month    =  sep,
  year     =  2000,
  keywords = "Algorithms; Amino Acid; Amino Acid Motifs; Amino Acid Sequence;
              Animals; Computational Biology; Computational Biology: methods;
              Databases as Topic; Humans; Molecular Sequence Data;
              Protein-Serine-Threonine Kinases; Protein-Serine-Threonine
              Kinases: chemistry; Reproducibility of Results; Sensitivity and
              Specificity; Sequence Alignment; Sequence Alignment: methods;
              Sequence Homology; Software;Ahrendt Chytropsin Paper;Thesis
              References/02\_Rhodopsin/Structural;Thesis References;Thesis
              References/02\_Rhodopsin/Auxillary"
}

@ARTICLE{Koch1961motileIII,
  title    = "Studies of the Motile Cells of Chytrids. {III}. {Major} Types",
  author   = "Koch, William J",
  journal  = "Am. J. Bot.",
  volume   =  48,
  number   =  9,
  pages    = "786--788",
  year     =  1961,
  keywords = "Fungi/Chytrids;Fungi;REU Review papers;Thesis
              References/01\_Intro;Thesis References"
}

@INCOLLECTION{KABMycotaIII,
  title     = "Signal Transduction Pathways and Heterotrimeric {G} Proteins",
  booktitle = "The {Mycota} {III}",
  author    = "Borkovich, Katherine A",
  editor    = "Esser, K and Lemke, P A",
  pages     = "211--233",
  year      =  1996,
  keywords  = "GPCR;Thesis References/02\_Rhodopsin/Auxillary;Thesis References"
}

@ARTICLE{Purschwitz2006,
  title    = "Seeing the rainbow: light sensing in fungi",
  author   = "Purschwitz, Janina and M{\"{u}}ller, Sylvia and Kastner,
              Christian and Fischer, Reinhard",
  journal  = "Curr. Opin. Microbiol.",
  volume   =  9,
  number   =  6,
  pages    = "566--571",
  month    =  dec,
  year     =  2006,
  keywords = "Fungi; Fungi: genetics; Fungi: growth \& development; Fungi:
              metabolism; Fungi: physiology; Gene Expression Regulation,
              Fungal; Photoreceptor Cells; Photoreceptor Cells: metabolism;
              Photoreceptor Cells: physiology; Phytochrome; Phytochrome:
              genetics; Phytochrome: metabolism; Rod Opsins; Rod Opsins:
              metabolism;Environment Sensing/Light Sensing;Thesis
              References/01\_Intro;Thesis References;Thesis
              References/02\_Rhodopsin/Structural"
}

@ARTICLE{Casadevall2013,
  title     = "Progress in understanding fungal pathogenesis",
  author    = "Casadevall, Arturo",
  journal   = "Curr. Opin. Microbiol.",
  publisher = "Elsevier Ltd",
  volume    =  16,
  number    =  4,
  pages     = "375--376",
  month     =  aug,
  year      =  2013,
  keywords  = "Thesis References/03\_Inhibition;Thesis References"
}

@ARTICLE{Laskowski1993,
  title     = "{PROCHECK}: a program to check the stereochemical quality of
               protein structures",
  author    = "Laskowski, R a and MacArthur, M W and Moss, D S and Thornton, J
               M",
  journal   = "J. Appl. Crystallogr.",
  publisher = "International Union of Crystallography",
  volume    =  26,
  number    =  2,
  pages     = "283--291",
  month     =  apr,
  year      =  1993,
  keywords  = "Ahrendt Chytropsin Paper;Thesis
               References/02\_Rhodopsin/Structural;Thesis References"
}

@ARTICLE{Krogh2001,
  title    = "Predicting transmembrane protein topology with a hidden {Markov}
              model: application to complete genomes",
  author   = "Krogh, A and Larsson, B and von Heijne, G and Sonnhammer, E L",
  journal  = "J. Mol. Biol.",
  volume   =  305,
  number   =  3,
  pages    = "567--580",
  month    =  jan,
  year     =  2001,
  keywords = "Animals; Bacterial Proteins; Bacterial Proteins: chemistry;
              Computational Biology; Computational Biology: methods; Databases
              as Topic; Fungal Proteins; Fungal Proteins: chemistry; Genome;
              Internet; Markov Chains; Membrane Proteins; Membrane Proteins:
              chemistry; Plant Proteins; Plant Proteins: chemistry; Porins;
              Porins: chemistry; Protein Sorting Signals; Protein Structure,
              Secondary; Reproducibility of Results; Research Design;
              Sensitivity and Specificity; Software; Solubility;Methods;Thesis
              References/04\_Coelomomyces;Thesis References"
}

@ARTICLE{Rockwell2006,
  title    = "Phytochrome structure and signaling mechanisms",
  author   = "Rockwell, Nathan C and Su, Yi-Shin and Lagarias, J Clark",
  journal  = "Annu. Rev. Plant Biol.",
  volume   =  57,
  pages    = "837--858",
  month    =  jan,
  year     =  2006,
  keywords = "Models; Molecular; Phytochrome; Phytochrome: chemistry;
              Phytochrome: metabolism; Protein Conformation; Signal
              Transduction;Environment Sensing/Light Sensing;Thesis
              References/01\_Intro;Thesis References;Thesis
              References/02\_Rhodopsin/Structural"
}

@ARTICLE{Piotrowski2004,
  title    = "Physiology of \textit{Batrachochytrium dendrobatidis}, a chytrid
              pathogen of amphibians",
  author   = "Piotrowski, Jeffrey S and Annis, Seanna L and Longcore, Joyce E",
  journal  = "Mycologia",
  volume   =  96,
  number   =  1,
  pages    = "9--15",
  year     =  2004,
  keywords = "chytridiomycosis; chytridiomycota; death of poison dart; disease;
              drobatidis led to the; frogs in a; fungal
              proteases;Fungi/Chytrids;Fungi;REU Review
              papers;Inhibition;Ahrendt Inhibition Paper;Thesis
              References/03\_Inhibition;Thesis References"
}

@ARTICLE{Muehlstein1987,
  title    = "Phototaxis in the Marine Fungus \textit{Rhizophydium littoreum}",
  author   = "Muehlstein, Lisa K and Amon, James P and Leffler, Deborah L",
  journal  = "Appl. Environ. Microbiol.",
  volume   =  53,
  number   =  7,
  pages    = "1668--1672",
  month    =  jul,
  year     =  1987,
  keywords = "Environment Sensing;Environment Sensing/Light Sensing;Thesis
              References/01\_Intro;Thesis References;Thesis
              References/02\_Rhodopsin/Structural;Thesis
              References/02\_Rhodopsin/Auxillary"
}

@ARTICLE{Edgar2004,
  title    = "{MUSCLE}: multiple sequence alignment with high accuracy and high
              throughput",
  author   = "Edgar, Robert C and Drive, Roque Moraes and Valley, Mill",
  journal  = "Nucleic Acids Res.",
  volume   =  32,
  number   =  5,
  pages    = "1792--1797",
  month    =  jan,
  year     =  2004,
  keywords = "Algorithms; Amino Acid Motifs; Amino Acid Sequence; Internet;
              Molecular Sequence Data; Protein; Protein: methods;
              Reproducibility of Results; Sequence Alignment; Sequence
              Alignment: methods; Sequence Analysis; Software; Time
              Factors;Ahrendt Chytropsin Paper;Thesis References;Thesis
              References/02\_Rhodopsin/Structural"
}

@ARTICLE{Inaba2003,
  title     = "Molecular Architecture of the Sperm Flagella: Molecules for
               Motility and Signaling",
  author    = "Inaba, Kazuo",
  journal   = "Zoolog. Sci.",
  publisher = "Zoological Society of Japan",
  volume    =  20,
  number    =  9,
  pages     = "1043--1056",
  month     =  sep,
  year      =  2003,
  keywords  = "Fungi/Chytrids/Flagella;Thesis References;Thesis
               References/01\_Intro"
}

@ARTICLE{Cantarel2008,
  title    = "{MAKER}: an easy-to-use annotation pipeline designed for emerging
              model organism genomes",
  author   = "Cantarel, Brandi L and Korf, Ian and Robb, Sofia M C and Parra,
              Genis and Ross, Eric and Moore, Barry and Holt, Carson and
              S\'{a}nchez Alvarado, Alejandro and Yandell, Mark",
  journal  = "Genome Res.",
  volume   =  18,
  number   =  1,
  pages    = "188--196",
  month    =  jan,
  year     =  2008,
  keywords = "Algorithms; Animals; Databases, Nucleic Acid; Genome, Helminth;
              Genome, Helminth: genetics; Sequence Analysis, DNA; Software;
              Turbellaria; Turbellaria:
              genetics;Unsorted/duplicates;Programs;Thesis References;Thesis
              References/03\_Inhibition"
}

@ARTICLE{Katoh2002,
  title    = "{MAFFT}: a novel method for rapid multiple sequence alignment
              based on fast Fourier transform",
  author   = "Katoh, Kazutaka and Misawa, Kazuharu and Kuma, Kei-Ichi and
              Miyata, Takashi",
  journal  = "Nucleic Acids Res.",
  volume   =  30,
  number   =  14,
  pages    = "3059--3066",
  month    =  jul,
  year     =  2002,
  keywords = "Computer Simulation; DNA-Directed RNA Polymerases; DNA-Directed
              RNA Polymerases: genetics; Fourier Transform Infrared; Fourier
              Transform Infrared: methods; Reproducibility of Results;
              Ribosomal; Ribosomal: genetics; RNA; Sequence Alignment; Sequence
              Alignment: methods; Software; Spectroscopy;Ahrendt Chytropsin
              Paper;Thesis References;Thesis
              References/02\_Rhodopsin/Structural"
}

@ARTICLE{Powell1993,
  title    = "Looking at Mycology with a Janus Face: A Glimpse at
              {Chytridiomycetes} Active in the Environment",
  author   = "Powell, Martha J",
  journal  = "Mycologia",
  volume   =  85,
  number   =  1,
  pages    = "1--20",
  year     =  1993,
  keywords = "Fungi/Chytrids;Fungi;Thesis References;Thesis
              References/01\_Intro"
}

@ARTICLE{Whisler1975,
  title    = "Life history of \textit{Coelomomyces psorophorae}",
  author   = "Whisler, Howard C and Zebold, Stephen L and Shemanchuk, Joseph A",
  journal  = "Proc. Natl. Acad. Sci. U. S. A.",
  volume   =  72,
  number   =  2,
  pages    = "693--696",
  month    =  feb,
  year     =  1975,
  keywords = "Animals; Culicidae; Culicidae: microbiology; Fungal; Fungal:
              growth \& development; Mitosporic Fungi; Mitosporic Fungi: growth
              \& development; Reproduction; Spores;Fungi;Ahrendt Coelomomyces
              Paper;Fungi/Chytrids/Coelomomyces;Fungi/Chytrids;Thesis
              References/04\_Coelomomyces;Thesis References"
}

@ARTICLE{Longcore2011,
  title    = "\textit{Homolaphlyctis polyrhiza} gen. et sp. nov., a species in
              the \textit{Rhizophydiales} (\textit{Chytridiomycetes}) with
              multiple rhizoidal axes",
  author   = "Longcore, Joyce E and Letcher, Peter M and James, Timothy Y",
  journal  = "Mycotaxon",
  volume   =  118,
  pages    = "433--440",
  year     =  2011,
  keywords = "chytridiomycota; phylogeny; rhizophlyctis;
              TEM;Fungi/Chytrids;Fungi;Fungi/Chytrids/Hp;REU Review
              papers;Inhibition;Ahrendt Inhibition Paper;Thesis
              References/03\_Inhibition;Thesis References;Thesis
              References/01\_Intro"
}

@ARTICLE{Park2011,
  title    = "Global analysis of serine-threonine protein kinase genes in
              \textit{Neurospora crassa}",
  author   = "Park, Gyungsoon and Servin, Jacqueline A and Turner, Gloria E and
              Altamirano, Lorena and Colot, V, Hildur and Collopy, Patrick and
              Litvinkova, Liubov and Li, Liande and Jones, Carol A and Diala,
              Fitz-Gerald and Dunlap, Jay C and Borkovich, Katherine A",
  journal  = "Eukaryot. Cell",
  volume   =  10,
  number   =  11,
  pages    = "1553--1564",
  month    =  nov,
  year     =  2011,
  keywords = "Alleles; Fungal Proteins; Fungal Proteins: chemistry; Fungal
              Proteins: genetics; Fungal Proteins: metabolism; Gene Expression
              Regulation, Fungal; Gene Knockout Techniques; Genes, Fungal;
              Mutation; Neurospora crassa; Neurospora crassa: enzymology;
              Neurospora crassa: genetics; Neurospora crassa: physiology;
              p21-Activated Kinases; p21-Activated Kinases: metabolism;
              Protein-Serine-Threonine Kinases; Protein-Serine-Threonine
              Kinases: genetics; Protein-Serine-Threonine Kinases: metabolism;
              Signal Transduction;Inhibition;Ahrendt Inhibition Paper;Thesis
              References/03\_Inhibition;Thesis References"
}

@ARTICLE{Gilman1987,
  title    = "{G} proteins: transducers of receptor-generated signals",
  author   = "Gilman, Alfred G",
  journal  = "Annu. Rev. Biochem.",
  volume   =  56,
  pages    = "615--649",
  month    =  jan,
  year     =  1987,
  keywords = "Adenylate Cyclase; Adenylate Cyclase: metabolism; Animals;
              Biological; GTP-Binding Proteins; GTP-Binding Proteins: genetics;
              GTP-Binding Proteins: metabolism; Models; Protein
              Binding;GPCR/Galpha;GPCR;Thesis
              References/02\_Rhodopsin/Auxillary;Thesis References"
}

@ARTICLE{Armougom2006,
  title    = "Expresso: automatic incorporation of structural information in
              multiple sequence alignments using {3D-Coffee}",
  author   = "Armougom, Fabrice and Moretti, S\'{e}bastien and Poirot, Olivier
              and Audic, St\'{e}phane and Dumas, Pierre and Schaeli, Basile and
              Keduas, Vladimir and Notredame, Cedric",
  journal  = "Nucleic Acids Res.",
  volume   =  34,
  number   = "Web Server issue",
  pages    = "W604--8",
  month    =  jul,
  year     =  2006,
  keywords = "Databases; Internet; Protein; Protein Conformation; Sequence
              Alignment; Sequence Alignment: methods; Software; User-Computer
              Interface;Ahrendt Chytropsin Paper;Thesis
              References/02\_Rhodopsin/Structural;Thesis References"
}

@ARTICLE{Eswar2007,
  title    = "Comparative protein structure modeling using {MODELLER}",
  author   = "Eswar, Narayanan and Webb, Ben and Marti-Renom, Marc a and
              Madhusudhan, M S and Eramian, David and Shen, Min-Yi and Pieper,
              Ursula and Sali, Andrej",
  journal  = "Curr. Protoc. Protein Sci.",
  volume   = "Chapter 2",
  number   = "November",
  pages    = "Unit 2.9",
  month    =  nov,
  year     =  2007,
  keywords = "Animals; Internet; L-Lactate Dehydrogenase; L-Lactate
              Dehydrogenase: chemistry; Models; Molecular; Protein
              Conformation; Trichomonas vaginalis; Trichomonas vaginalis:
              enzymology;Ahrendt Chytropsin Paper;Programs;Thesis
              References/02\_Rhodopsin/Structural;Thesis References"
}

@INCOLLECTION{Bolton2008,
  title     = "Chapter 12 - {PubChem}: Integrated Platform of Small Molecules
               and Biological Activities",
  booktitle = "Annual Reports in Computational Chemistry",
  author    = "Bolton, Evan E and Wang, Yanli and Thiessen, Paul A and Bryant,
               Stephen H",
  editor    = "{Ralph A. Wheeler and David C. Spellmeyer}",
  publisher = "Elsevier",
  volume    = "Volume 4",
  pages     = "217--241",
  year      =  2008,
  keywords  = "assay; biological activity; chemical structures; database;
               pubchem; repository; web-based tools;Thesis
               References/02\_Rhodopsin/Structural;Thesis References"
}

@ARTICLE{Zhukovsky1992,
  title    = "Changing the location of the Schiff base counterion in rhodopsin",
  author   = "Zhukovsky, E a and Robinson, P R and Oprian, D D",
  journal  = "Biochemistry",
  volume   =  31,
  number   =  42,
  pages    = "10400--10405",
  month    =  oct,
  year     =  1992,
  keywords = "Amino Acid; Amino Acid Sequence; Animals; Cattle; Genes;
              Kinetics; Light; Molecular Sequence Data; Mutagenesis;
              Neurotransmitter; Neurotransmitter: genetics; Protein Structure;
              Receptors; Recombinant Proteins; Recombinant Proteins: chemistry;
              Recombinant Proteins: isolation \& purification; Recombinant
              Proteins: metabolism; Retina; Retina: metabolism; Retinal
              Pigments; Retinal Pigments: genetics; Rhodopsin; Rhodopsin:
              chemistry; Rhodopsin: genetics; Rhodopsin: metabolism; Schiff
              Bases; Secondary; Sequence Homology; Site-Directed;
              Spectrophotometry; Synthetic; Transducin; Transducin: isolation
              \& purification; Transducin: metabolism;Environment Sensing/Light
              Sensing;Environment Sensing/Light Sensing/Rhodopsin;Thesis
              References/02\_Rhodopsin/Structural;Thesis References"
}

@ARTICLE{Grant2006,
  title    = "Bio3d: an {R} package for the comparative analysis of protein
              structures",
  author   = "Grant, Barry J and Rodrigues, Ana P C and ElSawy, Karim M and
              McCammon, J Andrew and Caves, Leo S D",
  journal  = "Bioinformatics",
  volume   =  22,
  number   =  21,
  pages    = "2695--2696",
  month    =  nov,
  year     =  2006,
  keywords = "Amino Acid Sequence; Computer Simulation; Internet; Models,
              Chemical; Models, Molecular; Molecular Sequence Data; Protein
              Conformation; Proteins; Proteins: chemistry; Sequence Analysis,
              Protein; Sequence Analysis, Protein: methods; Software;
              User-Computer Interface;Ahrendt Chytropsin Paper;Thesis
              References/02\_Rhodopsin/Structural;Thesis References"
}

@ARTICLE{Longcore1999,
  title    = "\textit{Batrachochytrium dendrobatidis} gen. et sp. nov., a
              chytrid pathogenic to amphibians",
  author   = "Longcore, Joyce E and Pessier, Allan P and Nichols, Donald K",
  journal  = "Mycologia",
  volume   =  91,
  number   =  2,
  pages    = "219--227",
  year     =  1999,
  keywords = "Chytridiales; chytridiomycosis; Chytridiomycota; frogs; fungus;
              ultrastructure;
              zoospore;Fungi/Chytrids;Fungi;Fungi/Chytrids/Bd;Ahrendt
              Inhibition Paper;Thesis References/01\_Intro;Thesis
              References;Thesis References/03\_Inhibition"
}

@ARTICLE{Silflow2001,
  title    = "Assembly and Motility of Eukaryotic Cilia and Flagella. {Lessons}
              from \textit{Chlamydomonas reinhardtii}",
  author   = "Silflow, Carolyn D and Lefebvre, Paul A",
  journal  = "Plant Physiology",
  volume   =  127,
  pages    = "1500--1507",
  month    =  dec,
  year     =  2001,
  keywords = "Fungi/Chytrids/Flagella;Thesis References;Thesis
              References/01\_Intro"
}

@ARTICLE{Whisler1974,
  title    = "Alternate host for mosquito parasite \textit{Coelomomyces}",
  author   = "Whisler, Howard C and Zebold, Stephen L and Shemanchuk, Joseph A",
  journal  = "Nature",
  volume   =  251,
  pages    = "715--716",
  year     =  1974,
  keywords = "Fungi/Chytrids;Fungi;Fungi/Chytrids/Coelomomyces;Ahrendt
              Coelomomyces Paper;Thesis References;Thesis
              References/04\_Coelomomyces"
}

