@misc{Bcir,
   title = {\textit{Backusella circina} {FSU} 941},
   howpublished = {\url{http://genome.jgi.doe.gov/Bacci1/Bacci1.home.html}}
}
@misc{Bde2,
   title = {\textit{Batrachochytrium dendrobatidis} {JAM81}},
   howpublished = {\url{http://genomeportal.jgi-psf.org/Batde5/Batde5.home.html}}
}
@misc{Cang,
   title = {\textit{Catenaria anguillulae} {PPL171}},
   howpublished = {\url{http://genome.jgi.doe.gov/Catan1/Catan1.home.html}}
}
@misc{Cint,
   title = {\textit{Ciona intestinalis}},
   howpublished = {\url{http://genome.jgi-psf.org/Cioin2/Cioin2.home.html}}
}
# No reference for Clat yet
@misc{Daci,
   title = {\textit{Dissoconium aciculare}},
   howpublished = {\url{http://genome.jgi.doe.gov/Disac1/Disac1.home.html}}
}
@misc{Dbis,
   title = {\textit{Dendrothele bispora} {CBS} 962.96},
   howpublished = {\url{http://genome.jgi.doe.gov/Denbi1/Denbi1.home.html}}
}
@misc{Dsym,
   title = {\textit{Dothidotthia symphoricarpi} {CBS} 119687},
   howpublished = {\url{http://genome.jgi.doe.gov/Dotsy1/Dotsy1.home.html}}
}
@misc{Lhya,
   title = {\textit{Lichtheimia hyalospora}},
   howpublished = {\url{http://genome.jgi.doe.gov/Lichy1/Lichy1.home.html}}
}
@misc{Lmac,
   title = {\textit{Lophiostoma macrostomum} {CBS} 122681},
   howpublished = {\url{http://genome.jgi.doe.gov/Lopma1/Lopma1.home.html}}
}
@misc{Patr,
   title = {\textit{Patellaria atrata} {CBS} 101060},
   howpublished = {\url{http://genome.jgi.doe.gov/Patat1/Patat1.home.html}}
}
@misc{Pbla,
   title = {\textit{Phycomyces blakesleeanus} {NRRL1555}},
   howpublished = {\url{http://genome.jgi-psf.org/Phybl2/Phybl2.home.html}}
}
@misc{PirE,
   title = {\textit{Piromyces} sp. {E2}},
   howpublished = {\url{http://genome.jgi.doe.gov/PirE2_1/PirE2_1.home.html}}
}
@misc{Psip,
   title = {\textit{Pleomassaria siparia} {CBS} 279.74},
   howpublished = {\url{http://genome.jgi.doe.gov/Plesi1/Plesi1.home.html}}
}
@misc{Rmic,
   title = {\textit{Rhizopus microsporus} var. \textit{microsporus} {ATCC52813}},
   howpublished = {\url{http://genome.jgi.doe.gov/Rhimi1_1/Rhimi1_1.home.html}}
}
@misc{Scer,
   title = {\textit{Saccharomyces cerevisiae} {S288C}, v.2011-02-03},
   howpublished = {\url{http://yeastgenome.org}}
}
@misc{Sfim,
   title = {\textit{Sporormia fimetaria} {CBS} 119925},
   howpublished = {\url{http://genome.jgi.doe.gov/Spofi1/Spofi1.home.html}}
}
@misc{Sros,
   title = {\textit{Sporobolomyces roseus}},
   howpublished = {\url{http://genome.jgi-psf.org/Sporo1/Sporo1.home.html}}
}
@misc{Uram,
   title = {\textit{Umbelopsis ramanniana}},
   howpublished = {\url{http://genome.jgi-psf.org/Umbra1/Umbra1.home.html}}
}
@misc{Zrhi,
   title = {\textit{Zopfia rhizophila} {CBS} 207.26},
   howpublished = {\url{http://genome.jgi.doe.gov/Zoprh1/Zoprh1.home.html}}
}
