% Generated by Paperpile. Check out http://paperpile.com for more information.
% BibTeX export options can be customized via Settings -> BibTeX.

@ARTICLE{Borkovich2004,
  title       = "Lessons from the genome sequence of Neurospora crassa: tracing
                 the path from genomic blueprint to multicellular organism",
  author      = "Borkovich, Katherine A and Alex, Lisa A and Yarden, Oded and
                 Freitag, Michael and Turner, Gloria E and Read, Nick D and
                 Seiler, Stephan and Bell-Pedersen, Deborah and Paietta, John
                 and Plesofsky, Nora and Plamann, Michael and
                 Goodrich-Tanrikulu, Marta and Schulte, Ulrich and Mannhaupt,
                 Gertrud and Nargang, Frank E and Radford, Alan and
                 Selitrennikoff, Claude and Galagan, James E and Dunlap, Jay C
                 and Loros, Jennifer J and Catcheside, David and Inoue,
                 Hirokazu and Aramayo, Rodolfo and Polymenis, Michael and
                 Selker, Eric U and Sachs, Matthew S and Marzluf, George A and
                 Paulsen, Ian and Davis, Rowland and Ebbole, Daniel J and
                 Zelter, Alex and Kalkman, Eric R and O'Rourke, Rebecca and
                 Bowring, Frederick and Yeadon, Jane and Ishii, Chizu and
                 Suzuki, Keiichiro and Sakai, Wataru and Pratt, Robert",
  affiliation = "Department of Plant Pathology, University of California,
                 Riverside, California 92521, USA. Katherine/Borkovich@ucr.edu",
  journal     = "Microbiol. Mol. Biol. Rev.",
  volume      =  68,
  number      =  1,
  pages       = "1--108",
  month       =  mar,
  year        =  2004,
  keywords    = "Ahrendt Coelomomyces Paper;Thesis References;Thesis
                 References/04\_Coelomomyces"
}

@ARTICLE{Federici1979,
  title     = "{Beta-Carotene} in the Gametophytic Phase of Coelomomyces dodgei",
  author    = "Federici, B A and Thompson, S N",
  journal   = "Experimental Mycology",
  publisher = "Elsevier",
  volume    =  3,
  number    =  3,
  pages     = "281--284",
  month     =  sep,
  year      =  1979,
  keywords  = "Fungi/Chytrids/Coelomomyces;Ahrendt Coelomomyces Paper;Thesis
               References;Thesis References/04\_Coelomomyces"
}

@ARTICLE{Federici1982,
  title     = "Inviability of Interspecific Hybrids in the Coelomomyces dodgei
               Complex",
  author    = "Federici, Brian A",
  journal   = "Mycologia",
  publisher = "Mycological Society of America",
  volume    =  74,
  number    =  4,
  pages     = "555--562",
  month     =  "1~" # jul,
  year      =  1982,
  keywords  = "Fungi/Chytrids/Coelomomyces;Ahrendt Coelomomyces Paper;Thesis
               References;Thesis References/04\_Coelomomyces"
}

@ARTICLE{Whisler1983,
  title     = "Meiosis in Coelomomyces",
  author    = "Whisler, H C and Wilson, C M and Travland, L B and Olson, L W
               and {others}",
  journal   = "Experimental",
  publisher = "Elsevier",
  year      =  1983,
  keywords  = "Fungi/Chytrids/Coelomomyces;Ahrendt Coelomomyces Paper;Thesis
               References;Thesis References/04\_Coelomomyces"
}

% The entry below contains non-ASCII chars that could not be converted
% to a LaTeX equivalent.
@ARTICLE{Apperson1992,
  title     = "Evidence for the copepods Acanthocyclops robustus and
               Mesocyclops edax as competent intermediate hosts for
               Coelomomyces punctatus â€¦",
  author    = "Apperson, C S and Federici, B A and Stewart, W and {others}",
  journal   = "J. Invertebr. Pathol.",
  publisher = "Elsevier",
  year      =  1992,
  keywords  = "Fungi/Chytrids/Coelomomyces;Ahrendt Coelomomyces Paper;Thesis
               References;Thesis References/04\_Coelomomyces"
}

@ARTICLE{Federici1977,
  title     = "Differential pigmentation in the sexual phase of Coelomomyces",
  author    = "Federici, Brian A",
  publisher = "Nature Publishing Group",
  volume    =  267,
  number    =  5611,
  pages     = "514--515",
  month     =  "9~" # jun,
  year      =  1977,
  keywords  = "Fungi/Chytrids/Coelomomyces;Ahrendt Coelomomyces Paper;Thesis
               References;Thesis References/04\_Coelomomyces"
}

@ARTICLE{Lucarotti1992,
  title     = "Invasion of Aedes aegypti ovaries by Coelomomyces stegomyiae",
  author    = "Lucarotti, C J",
  journal   = "J. Invertebr. Pathol.",
  publisher = "Elsevier",
  volume    =  60,
  number    =  2,
  pages     = "176--184",
  month     =  sep,
  year      =  1992,
  keywords  = "Aedes aegypti; Coelomomyces stegomyiae; 20-hydroxyecdysone;
               mosquito; tracheole;
               vitellogenin;Fungi/Chytrids/Coelomomyces;Ahrendt Coelomomyces
               Paper;Thesis References;Thesis References/04\_Coelomomyces"
}

@ARTICLE{Fillinger2006,
  title       = "Suppression of exposure to malaria vectors by an order of
                 magnitude using microbial larvicides in rural Kenya",
  author      = "Fillinger, Ulrike and Lindsay, Steven W",
  affiliation = "School of Biological and Biomedical Sciences, Durham
                 University, Durham, UK. ulrike.fillinger@durham.ac.uk",
  journal     = "Trop. Med. Int. Health",
  volume      =  11,
  number      =  11,
  pages       = "1629--1642",
  month       =  nov,
  year        =  2006,
  keywords    = "Fungi/Chytrids/Coelomomyces;Ahrendt Coelomomyces Paper;Thesis
                 References;Thesis References/01\_Intro;Thesis
                 References/04\_Coelomomyces"
}

@ARTICLE{Moreira2009,
  title       = "A Wolbachia symbiont in Aedes aegypti limits infection with
                 dengue, Chikungunya, and Plasmodium",
  author      = "Moreira, Luciano A and Iturbe-Ormaetxe, I\~{n}aki and Jeffery,
                 Jason A and Lu, Guangjin and Pyke, Alyssa T and Hedges, Lauren
                 M and Rocha, Bruno C and Hall-Mendelin, Sonja and Day, Andrew
                 and Riegler, Markus and Hugo, Leon E and Johnson, Karyn N and
                 Kay, Brian H and McGraw, Elizabeth A and van den Hurk, Andrew
                 F and Ryan, Peter A and O'Neill, Scott L",
  affiliation = "School of Biological Sciences, The University of Queensland,
                 Brisbane QLD 4072, Australia.",
  journal     = "Cell",
  volume      =  139,
  number      =  7,
  pages       = "1268--1278",
  month       =  "24~" # dec,
  year        =  2009,
  keywords    = "Fungi/Chytrids/Coelomomyces;Ahrendt Coelomomyces Paper;Thesis
                 References;Thesis References/04\_Coelomomyces"
}

@ARTICLE{Avelar2014,
  title       = "A {Rhodopsin-Guanylyl} Cyclase Gene Fusion Functions in Visual
                 Perception in a Fungus",
  author      = "Avelar, Gabriela M and Schumacher, Robert I and Zaini, Paulo A
                 and Leonard, Guy and Richards, Thomas A and Gomes, Suely L",
  affiliation = "Departamento de Bioqu\'{\i}mica, Instituto de Qu\'{\i}mica,
                 Universidade de S\~{a}o Paulo, S\~{a}o Paulo 05508-000,
                 Brazil.Departamento de Bioqu\'{\i}mica, Instituto de
                 Qu\'{\i}mica, Universidade de S\~{a}o Paulo, S\~{a}o Paulo
                 05508-000, Brazil.Departamento de Bioqu\'{\i}mica, Instituto
                 de Qu\'{\i}mica, Universidade de S\~{a}o Paulo, S\~{a}o Paulo
                 05508-000, Brazil.Biosciences, University of Exeter, Geoffrey
                 Pope Building, Stocker Road, Exeter EX4 4QD, UK.Biosciences,
                 University of Exeter, Geoffrey Pope Building, Stocker Road,
                 Exeter EX4 4QD, UK. Electronic address:
                 t.a.richards@exeter.ac.uk.Departamento de Bioqu\'{\i}mica,
                 Instituto de Qu\'{\i}mica, Universidade de S\~{a}o Paulo,
                 S\~{a}o Paulo 05508-000, Brazil. Electronic address:
                 sulgomes@iq.usp.br.",
  journal     = "Curr. Biol.",
  number      =  0,
  month       =  "14~" # may,
  year        =  2014,
  keywords    = "Environment Sensing;Environment Sensing/Light
                 Sensing;Environment Sensing/Light
                 Sensing/Rhodopsin;Fungi;Fungi/Chytrids;Ahrendt Coelomomyces
                 Paper;Interesting papers;Thesis References;Thesis
                 References/02\_Rhodopsin;Thesis References/04\_Coelomomyces"
}

@ARTICLE{Revuelta1983,
  title     = "A new gene (carC) involved in the regulation of carotenogenesis
               in Phycomyces",
  author    = "Revuelta, J L and Eslava, A P",
  journal   = "Mol. Gen. Genet.",
  publisher = "Springer-Verlag",
  volume    =  192,
  number    = "1-2",
  pages     = "225--229",
  month     =  "1~" # oct,
  year      =  1983,
  keywords  = "Carotenogenesis;Fungi;Ahrendt Coelomomyces Paper;Thesis
               References;Thesis References/04\_Coelomomyces"
}

@ARTICLE{Roncero1982,
  title     = "Genetics of carotene biosynthesis in Phycomyces",
  author    = "Roncero, M I G and Cerd\'{a}-Olmedo, E",
  journal   = "Curr. Genet.",
  publisher = "Springer-Verlag",
  volume    =  5,
  number    =  1,
  pages     = "5--8",
  month     =  "1~" # may,
  year      =  1982,
  keywords  = "Carotenogenesis;Fungi;Ahrendt Coelomomyces Paper;Thesis
               References;Thesis References/04\_Coelomomyces"
}

@ARTICLE{Salgado1991,
  title    = "Correlation between in vivo and in vitro carotenogenesis in
              Phycomyces",
  author   = "Salgado, Luis M and Avalos, Javier and Bejarano, Eduardo R and
              Cerd\'{a}-Olmedo, Enrique",
  journal  = "Phytochemistry",
  volume   =  30,
  number   =  8,
  pages    = "2587--2591",
  year     =  1991,
  keywords = "Phycomyces blakesleeanus; Mucorales; carotenes; mutants; retinol;
              dimethyl phthalate; light; sex.;Carotenogenesis;Fungi;Ahrendt
              Coelomomyces Paper;Thesis References;Thesis
              References/04\_Coelomomyces"
}

@ARTICLE{Murillo1976,
  title     = "Regulation of carotene synthesis in Phycomyces",
  author    = "Murillo, Francisco J and Cerd\'{a}-Olmedo, E",
  journal   = "Mol. Gen. Genet.",
  publisher = "Springer-Verlag",
  volume    =  148,
  number    =  1,
  pages     = "19--24",
  month     =  "1~" # jan,
  year      =  1976,
  keywords  = "Carotenogenesis;Fungi;Ahrendt Coelomomyces Paper;Thesis
               References;Thesis References/04\_Coelomomyces"
}

@ARTICLE{Almeida2008,
  title       = "Gene expression in the regulation of carotene biosynthesis in
                 Phycomyces",
  author      = "Almeida, Eduardo R A and Cerd\'{a}-Olmedo, Enrique",
  affiliation = "Departamento de Gen\'{e}tica, Facultad de Biolog\'{\i}a,
                 Universidad de Sevilla, Apartado 1095, 41080, Seville, Spain.",
  journal     = "Curr. Genet.",
  volume      =  53,
  number      =  3,
  pages       = "129--137",
  month       =  "9~" # jan,
  year        =  2008,
  keywords    = "Carotenogenesis;Fungi;Ahrendt Coelomomyces Paper;Thesis
                 References;Thesis References/04\_Coelomomyces"
}

@ARTICLE{Cerda-Olmedo2001,
  title     = "Phycomyces and the biology of light and color",
  author    = "Cerd\'{a}-Olmedo, Enrique",
  journal   = "FEMS Microbiol. Rev.",
  publisher = "Blackwell Publishing Ltd",
  volume    =  25,
  number    =  5,
  pages     = "503--512",
  year      =  2001,
  keywords  = "Photobiology, Sensory transduction, Behavourial genetics,
               Phycomyces blakesleeanus;Carotenogenesis;Fungi;Environment
               Sensing/Light Sensing;Environment Sensing;Ahrendt Coelomomyces
               Paper;Thesis References;Thesis References/04\_Coelomomyces"
}

@ARTICLE{Napoli1988,
  title       = "Biogenesis of retinoic acid from beta-carotene. Differences
                 between the metabolism of beta-carotene and retinal",
  author      = "Napoli, J L and Race, K R",
  affiliation = "Department of Biochemistry, School of Medicine and Biomedical
                 Sciences, State University of New York, Buffalo 14214.",
  journal     = "J. Biol. Chem.",
  volume      =  263,
  number      =  33,
  pages       = "17372--17377",
  month       =  "25~" # nov,
  year        =  1988,
  keywords    = "Carotenogenesis;Ahrendt Coelomomyces Paper;Thesis References"
}

@ARTICLE{Ronen2000,
  title    = "An alternative pathway to $\beta$-carotene formation in plant
              chromoplasts discovered by map-based cloning of Beta and old-gold
              color mutations in tomato",
  author   = "Ronen, Gil and Carmel-Goren, Lea and Zamir, Dani and Hirschberg,
              Joseph",
  journal  = "Proceedings of the National Academy of Sciences",
  volume   =  97,
  number   =  20,
  pages    = "11102--11107",
  month    =  "26~" # sep,
  year     =  2000,
  keywords = "Carotenogenesis;Ahrendt Coelomomyces Paper;Thesis References"
}

@ARTICLE{Lers1991,
  title       = "Co-regulation of a gene homologous to early light-induced
                 genes in higher plants and beta-carotene biosynthesis in the
                 alga Dunaliella bardawil",
  author      = "Lers, A and Levy, H and Zamir, A",
  affiliation = "Biochemistry Department, Weizmann Institute of Science,
                 Rehovot, Israel.",
  journal     = "J. Biol. Chem.",
  volume      =  266,
  number      =  21,
  pages       = "13698--13705",
  month       =  "25~" # jul,
  year        =  1991,
  keywords    = "Carotenogenesis;Ahrendt Coelomomyces Paper;Thesis References"
}

@ARTICLE{Mehta1997,
  title    = "New Mutants of Phycomyces blakesleeanus for (beta)-Carotene
              Production",
  author   = "Mehta, B J and Salgado, L M and Bejarano, E R and Cerda-Olmedo, E",
  journal  = "Appl. Environ. Microbiol.",
  volume   =  63,
  number   =  9,
  pages    = "3657--3661",
  month    =  sep,
  year     =  1997,
  keywords = "Carotenogenesis;Ahrendt Coelomomyces Paper;Thesis References"
}

@ARTICLE{Moran2010,
  title       = "Lateral transfer of genes from fungi underlies carotenoid
                 production in aphids",
  author      = "Moran, Nancy A and Jarvik, Tyler",
  affiliation = "Department of Ecology and Evolutionary Biology, 1041 East
                 Lowell Street, University of Arizona, Tucson, AZ 85721, USA.
                 nancy.moran@yale.edu",
  journal     = "Science",
  volume      =  328,
  number      =  5978,
  pages       = "624--627",
  month       =  "30~" # apr,
  year        =  2010,
  keywords    = "Carotenogenesis;Ahrendt Coelomomyces Paper;Thesis References"
}

@ARTICLE{Butt2013,
  title       = "Metarhizium anisopliae pathogenesis of mosquito larvae: a
                 verdict of accidental death",
  author      = "Butt, Tariq M and Greenfield, Bethany P J and Greig, Carolyn
                 and Maffeis, Thierry G G and Taylor, James W D and Piasecka,
                 Justyna and Dudley, Ed and Abdulla, Ahmed and Dubovskiy, Ivan
                 M and Garrido-Jurado, Inmaculada and Quesada-Moraga, Enrique
                 and Penny, Mark W and Eastwood, Daniel C",
  affiliation = "College of Science, Swansea University, Swansea, United
                 Kingdom.College of Science, Swansea University, Swansea,
                 United Kingdom.College of Science, Swansea University,
                 Swansea, United Kingdom.College of Engineering, Swansea
                 University, Swansea, United Kingdom.College of Science,
                 Swansea University, Swansea, United Kingdom.College of
                 Science, Swansea University, Swansea, United Kingdom.College
                 of Medicine, Swansea University, Swansea, United
                 Kingdom.College of Science, Swansea University, Swansea,
                 United Kingdom.Institute of Systematics and Ecology of
                 Animals, Siberian Branch of Russian Academy of Sciences,
                 Novosibirsk, Russia.Department of Agricultural and Forestry
                 Sciences, University of Cordoba, Cordoba, Spain.Department of
                 Agricultural and Forestry Sciences, University of Cordoba,
                 Cordoba, Spain.College of Engineering, Swansea University,
                 Swansea, United Kingdom.College of Science, Swansea
                 University, Swansea, United Kingdom.",
  journal     = "PLoS One",
  volume      =  8,
  number      =  12,
  pages       = "e81686",
  month       =  "13~" # dec,
  year        =  2013,
  keywords    = "Fungi/Chytrids/Coelomomyces;Fungi;Ahrendt Coelomomyces
                 Paper;Thesis References"
}

@ARTICLE{Federici1983,
  title       = "Species-specific gating of gametangial dehiscence as a
                 temporal reproductive isolating mechanism in Coelomomyces",
  author      = "Federici, B A",
  affiliation = "Division of Biological Control, Department of Entomology,
                 University of California, Riverside, California 92521.",
  journal     = "Proc. Natl. Acad. Sci. U. S. A.",
  volume      =  80,
  number      =  2,
  pages       = "604--607",
  month       =  jan,
  year        =  1983,
  keywords    = "Fungi/Chytrids;Fungi;Fungi/Chytrids/Coelomomyces;Ahrendt
                 Coelomomyces Paper;Thesis References"
}

@ARTICLE{Couch1972,
  title    = "Mass Production of Coelomomyces, a Fungus That Kills Mosquitoes",
  author   = "Couch, J N",
  journal  = "Proceedings of the National Academy of Sciences",
  volume   =  69,
  number   =  8,
  pages    = "2043--2047",
  month    =  aug,
  year     =  1972,
  keywords = "
              chytrid;coelomomyces;Fungi/Chytrids;Fungi;Fungi/Chytrids/Coelomomyces;Ahrendt
              Coelomomyces Paper;Thesis References;Ahrendt Inhibition Paper"
}

@ARTICLE{Federici1979,
  title    = "Experimental hybridization of Coelomomyces dodgei and
              Coelomomyces punctatus",
  author   = "Federici, B A",
  journal  = "Proc. Natl. Acad. Sci. U. S. A.",
  volume   =  76,
  number   =  9,
  pages    = "4425--4428",
  month    =  sep,
  year     =  1979,
  keywords = "
              chytrid;coelomomyces;Fungi/Chytrids;Fungi;Fungi/Chytrids/Coelomomyces;Ahrendt
              Coelomomyces Paper;Thesis References"
}

@ARTICLE{Whisler1975,
  title    = "Life history of Coelomomyces psorophorae",
  author   = "Whisler, Howard C and Zebold, Stephen L and Shemanchuk, Joseph A",
  journal  = "Proc. Natl. Acad. Sci. U. S. A.",
  volume   =  72,
  number   =  2,
  pages    = "693--696",
  month    =  feb,
  year     =  1975,
  keywords = "Animals; Culicidae; Culicidae: microbiology; Fungal; Fungal:
              growth \& development; Mitosporic Fungi; Mitosporic Fungi: growth
              \& development; Reproduction; Spores;Fungi;Ahrendt Coelomomyces
              Paper;Fungi/Chytrids/Coelomomyces;Fungi/Chytrids;Thesis
              References"
}

@ARTICLE{Federici1976,
  title    = "Experimental Laboratory Infection of Mosquito Larvae with Fungi
              of the Genus Coelomomyces. {II}. Experiments with Coelomomyces
              punctatus in Anopheles quadrimaculatus",
  author   = "Federici, B A and Roberts, D W",
  journal  = "J. Invertebr. Pathol.",
  volume   =  27,
  pages    = "333--341",
  year     =  1976,
  keywords = "Fungi;Fungi/Chytrids/Coelomomyces;Ahrendt Coelomomyces
              Paper;Thesis References"
}

@ARTICLE{Whisler1974,
  title    = "Alternate host for mosquito parasite Coelomomyces",
  author   = "Whisler, Howard C and Zebold, Stephen L and Shemanchuk, Joseph A",
  journal  = "Nature",
  volume   =  251,
  pages    = "715--716",
  year     =  1974,
  keywords = "Fungi/Chytrids;Fungi;Fungi/Chytrids/Coelomomyces;Ahrendt
              Coelomomyces Paper;Thesis References"
}

