% Generated by Paperpile. Check out http://paperpile.com for more information.
% BibTeX export options can be customized via Settings -> BibTeX.

@ARTICLE{Conti2000,
  title       = "Phosphodiesterases and cyclic nucleotide signaling in
                 endocrine cells",
  author      = "Conti, M",
  affiliation = "Department of Gynecology and Obstetrics, Stanford University
                 School of Medicine, California 94305-5317, USA.",
  journal     = "Mol. Endocrinol.",
  volume      =  14,
  number      =  9,
  pages       = "1317--1327",
  month       =  sep,
  year        =  2000,
  keywords    = "Thesis References/02\_Rhodopsin/Auxillary;Thesis References"
}

@ARTICLE{Deterre1988,
  title       = "{cGMP} phosphodiesterase of retinal rods is regulated by two
                 inhibitory subunits",
  author      = "Deterre, P and Bigay, J and Forquet, F and Robert, M and
                 Chabre, M",
  affiliation = "Laboratoire de Biophysique Mol\'{e}culaire et Cellulaire,
                 Unit\'{e} Associ\'{e}e 520 du Centre National de la Recherche
                 Scientifique, DRF/CENG, Grenoble, France.",
  journal     = "Proc. Natl. Acad. Sci. U. S. A.",
  volume      =  85,
  number      =  8,
  pages       = "2424--2428",
  month       =  apr,
  year        =  1988,
  keywords    = "Thesis References;Thesis References/02\_Rhodopsin/Auxillary"
}

@ARTICLE{Liu1997,
  title       = "{G} protein alpha subunit genes control growth, development,
                 and pathogenicity of \textit{Magnaporthe grisea}",
  author      = "Liu, S and Dean, R A",
  affiliation = "Department of Plant Pathology and Physiology, Clemson
                 University, SC 29634-0377, USA.",
  journal     = "Mol. Plant. Microbe. Interact.",
  volume      =  10,
  number      =  9,
  pages       = "1075--1086",
  month       =  dec,
  year        =  1997,
  keywords    = "Thesis References/02\_Rhodopsin/Auxillary;Thesis References"
}

% The entry below contains non-ASCII chars that could not be converted
% to a LaTeX equivalent.
@ARTICLE{Beitz2000texshade,
  title    = "{TeXshade}: shading and labeling of multiple sequence alignments
              using {LaTeX2É›}",
  author   = "Beitz, Eric",
  journal  = "Bioinformatics",
  volume   =  16,
  number   =  2,
  pages    = "135--139",
  month    =  "1~" # feb,
  year     =  2000,
  keywords = "Thesis References/02\_Rhodopsin/Auxillary;Thesis References"
}

@ARTICLE{Watson1996,
  title       = "A novel form of the {G} protein $\beta$ subunit G$\beta$5 is
                 specifically expressed in the vertebrate retina",
  author      = "Watson, A J and Aragay, A M and Slepak, V Z and Simon, M I",
  affiliation = "Division of Biology, 147-75, California Institute of
                 Technology, Pasadena, California 91125, USA.",
  journal     = "J. Biol. Chem.",
  volume      =  271,
  number      =  45,
  pages       = "28154--28160",
  month       =  "8~" # nov,
  year        =  1996,
  keywords    = "Thesis References/02\_Rhodopsin/Auxillary;Thesis References"
}

@ARTICLE{Ray1995,
  title       = "Isolation of {cDNA} clones encoding eight different human {G}
                 protein $\gamma$ subunits, including three novel forms
                 designated the $\gamma$4, $\gamma$10, and $\gamma$11 subunits",
  author      = "Ray, K and Kunsch, C and Bonner, L M and Robishaw, J D",
  affiliation = "Weis Center for Research, Geisinger Clinic, Danville,
                 Pennsylvania 17822, USA.",
  journal     = "J. Biol. Chem.",
  volume      =  270,
  number      =  37,
  pages       = "21765--21771",
  month       =  "15~" # sep,
  year        =  1995,
  keywords    = "Thesis References/02\_Rhodopsin/Auxillary;Thesis References"
}

@ARTICLE{Clark1993,
  title       = "Interactions among the subunits of the {G} protein involved in
                 \textit{Saccharomyces cerevisiae} mating",
  author      = "Clark, K L and Dignard, D and Thomas, D Y and Whiteway, M",
  affiliation = "Biotechnology Research Institute, National Research Council of
                 Canada, Montreal, Quebec.",
  journal     = "Mol. Cell. Biol.",
  volume      =  13,
  number      =  1,
  pages       = "1--8",
  month       =  jan,
  year        =  1993,
  keywords    = "Thesis References/02\_Rhodopsin/Auxillary;Thesis References"
}

@ARTICLE{Clapham1997,
  title       = "{G} protein $\beta$$\gamma$ subunits",
  author      = "Clapham, D E and Neer, E J",
  affiliation = "Department of Neurobiology and Children's Hospital, Harvard
                 Medical School, Boston, Massachusetts 02115, USA.",
  journal     = "Annu. Rev. Pharmacol. Toxicol.",
  volume      =  37,
  pages       = "167--203",
  year        =  1997,
  keywords    = "Thesis References/02\_Rhodopsin/Auxillary;Thesis References"
}

@ARTICLE{Krystofova2005,
  title       = "The heterotrimeric G-protein subunits {GNG-1} and {GNB-1} form
                 a G$\beta$$\gamma$ dimer required for normal female fertility,
                 asexual development, and g$\alpha$ protein levels in
                 \textit{Neurospora crassa}",
  author      = "Krystofova, Svetlana and Borkovich, Katherine A",
  affiliation = "Department of Plant Pathology, University of
                 California-Riverside, Riverside, CA 92521, USA.",
  journal     = "Eukaryot. Cell",
  volume      =  4,
  number      =  2,
  pages       = "365--378",
  month       =  feb,
  year        =  2005,
  keywords    = "Thesis References/02\_Rhodopsin/Auxillary;Thesis References"
}

@ARTICLE{Ivey1996,
  title       = "The G$\alpha$i homologue \textit{gna-1} controls multiple
                 differentiation pathways in \textit{Neurospora crassa}",
  author      = "Ivey, F D and Hodge, P N and Turner, G E and Borkovich, K A",
  affiliation = "Department of Microbiology and Molecular Genetics, University
                 of Texas-Houston Medical School 77030, USA.",
  journal     = "Mol. Biol. Cell",
  volume      =  7,
  number      =  8,
  pages       = "1283--1297",
  month       =  aug,
  year        =  1996,
  keywords    = "Thesis References/02\_Rhodopsin/Auxillary;Thesis References"
}

@ARTICLE{DeVries2000,
  title    = "The Regulator of {G} Protein Signaling Family",
  author   = "De Vries, Luc and Zheng, Bin and Fischer, Thierry and Elenko,
              Eric and Farquhar, Marilyn G",
  journal  = "Annu. Rev. Pharmacol. Toxicol.",
  volume   =  40,
  pages    = "235--271",
  year     =  2000,
  keywords = "Thesis References/02\_Rhodopsin/Auxillary;Thesis References"
}

@ARTICLE{Neves2002,
  title       = "{G} protein pathways",
  author      = "Neves, Susana R and Ram, Prahlad T and Iyengar, Ravi",
  affiliation = "Department of Pharmacology and Biological Chemistry, Mount
                 Sinai School of Medicine, New York, NY 10029, USA.",
  journal     = "Science",
  volume      =  296,
  number      =  5573,
  pages       = "1636--1639",
  month       =  "31~" # may,
  year        =  2002,
  keywords    = "Thesis References;Thesis References/02\_Rhodopsin/Auxillary"
}

@ARTICLE{Lagerstrom2008,
  title       = "Structural diversity of {G} protein-coupled receptors and
                 significance for drug discovery",
  author      = "Lagerstr{\"{o}}m, Malin C and Schi{\"{o}}th, Helgi B",
  affiliation = "Department of Neuroscience, Functional Pharmacology, Uppsala
                 University, BMC, BOX 593, 751 24, Uppsala, Sweden.",
  journal     = "Nat. Rev. Drug Discov.",
  volume      =  7,
  number      =  4,
  pages       = "339--357",
  month       =  apr,
  year        =  2008,
  keywords    = "Thesis References/02\_Rhodopsin/Auxillary;Thesis References"
}

@ARTICLE{Kanehisa2000,
  title       = "{KEGG}: kyoto encyclopedia of genes and genomes",
  author      = "Kanehisa, M and Goto, S",
  affiliation = "Institute for Chemical Research, Kyoto University, Uji, Kyoto
                 611-0011, Japan. kanehisa@kuicr.kyoto-u.ac.jp",
  journal     = "Nucleic Acids Res.",
  volume      =  28,
  number      =  1,
  pages       = "27--30",
  month       =  "1~" # jan,
  year        =  2000,
  keywords    = "Thesis References/04\_Coelomomyces;Thesis References;Thesis
                 References/02\_Rhodopsin/Auxillary"
}

@ARTICLE{Kanehisa2014,
  title       = "Data, information, knowledge and principle: back to metabolism
                 in {KEGG}",
  author      = "Kanehisa, Minoru and Goto, Susumu and Sato, Yoko and
                 Kawashima, Masayuki and Furumichi, Miho and Tanabe, Mao",
  affiliation = "Institute for Chemical Research, Kyoto University, Uji, Kyoto
                 611-0011, Japan and Life Science Solutions Department, Fujitsu
                 Kyushu Systems Ltd., Sawara-ku, Fukuoka 814-8589, Japan.",
  journal     = "Nucleic Acids Res.",
  volume      =  42,
  number      = "Database issue",
  pages       = "D199--205",
  month       =  jan,
  year        =  2014,
  keywords    = "Thesis References;Thesis
                 References/02\_Rhodopsin/Auxillary;Thesis
                 References/04\_Coelomomyces"
}

@ARTICLE{Ma1994,
  title       = "{GTP-binding} proteins in plants: new members of an old family",
  author      = "Ma, H",
  affiliation = "Cold Spring Harbor Laboratory, NY 11724.",
  journal     = "Plant Mol. Biol.",
  volume      =  26,
  number      =  5,
  pages       = "1611--1636",
  month       =  dec,
  year        =  1994,
  keywords    = "Animals; biochemical detection; cdnas; Eukaryotic Cells;
                 Eukaryotic Cells: physiology; expression; Genes; Genetically
                 Modified; GTP-Binding Proteins; GTP-Binding Proteins:
                 classification; GTP-Binding Proteins: genetics; GTP-Binding
                 Proteins: metabolism; guanine nucleotide-binding proteins;
                 Guanosine Triphosphate; Guanosine Triphosphate: metabolism;
                 heterotrimeric g proteins; Plant; Plant Physiological
                 Phenomena; Plant: genetics; Plants; Plants: genetics; Signal
                 Transduction; Signal Transduction: genetics; Signal
                 Transduction: physiology; small g proteins; transgenic plants;
                 yeast complementation; Yeasts; Yeasts:
                 genetics;GPCR/Galpha;GPCR;Thesis
                 References/02\_Rhodopsin/Auxillary;Thesis References"
}

@ARTICLE{Hepler1992,
  title    = "{G} proteins",
  author   = "Hepler, John R and Gilman, Alfred G",
  journal  = "TIBS",
  volume   =  17,
  number   = "October",
  pages    = "383--387",
  month    =  oct,
  year     =  1992,
  keywords = "GPCR/Galpha;GPCR;Thesis References/02\_Rhodopsin/Auxillary;Thesis
              References"
}

@ARTICLE{Li2007,
  title    = "Heterotrimeric {G} protein signaling in filamentous fungi",
  author   = "Li, Liande and Wright, Sara J and Krystofova, Svetlana and Park,
              Gyungsoon and Borkovich, Katherine a",
  journal  = "Annu. Rev. Microbiol.",
  volume   =  61,
  pages    = "423--452",
  month    =  jan,
  year     =  2007,
  keywords = "Cyclic AMP; Cyclic AMP: physiology; Fungi; Fungi: pathogenicity;
              Fungi: physiology; GTP-Binding Protein Regulators; GTP-Binding
              Protein Regulators: physiology; Heterotrimeric GTP-Binding
              Proteins; Heterotrimeric GTP-Binding Proteins: physiology; MAP
              Kinase Signaling System; Receptors, G-Protein-Coupled; Receptors,
              G-Protein-Coupled: physiology; Signal Transduction; Signal
              Transduction: physiology; Virulence;GPCR;Thesis
              References/02\_Rhodopsin/Auxillary;Thesis References"
}

@ARTICLE{Bieszke1999,
  title    = "A eukaryotic protein, {{NOP-1}}, binds retinal to form an
              archaeal rhodopsin-like photochemically reactive pigment",
  author   = "Bieszke, Jennifer A and Spudich, E N and Scott, K L and
              Borkovich, Katherine A and Spudich, J L",
  journal  = "Biochemistry",
  volume   =  38,
  number   =  43,
  pages    = "14138--14145",
  month    =  oct,
  year     =  1999,
  keywords = "Amino Acid Sequence; Archaeal Proteins; Archaeal Proteins:
              chemistry; Archaeal Proteins: metabolism; Binding Sites; Carrier
              Proteins; Carrier Proteins: biosynthesis; Carrier Proteins:
              chemistry; Carrier Proteins: genetics; Carrier Proteins:
              metabolism; Fungal Proteins; Fungal Proteins: biosynthesis;
              Fungal Proteins: chemistry; Fungal Proteins: genetics; Fungal
              Proteins: metabolism; Gene Expression; Genes, Fungal; Molecular
              Sequence Data; Neurospora crassa; Neurospora crassa: chemistry;
              Neurospora crassa: genetics; Neurospora crassa: metabolism;
              Photochemistry; Pichia; Pichia: genetics; Pichia: metabolism;
              Pigments, Biological; Pigments, Biological: biosynthesis;
              Pigments, Biological: chemistry; Pigments, Biological: genetics;
              Pigments, Biological: metabolism; Rhodopsin; Rhodopsin:
              chemistry; Rhodopsin: genetics; Rhodopsin: metabolism; Sequence
              Alignment;Environment Sensing/Light Sensing/Rhodopsin;Thesis
              References/02\_Rhodopsin/Auxillary;Thesis References"
}

@ARTICLE{Abdulaev1997,
  title    = "Functional expression of bovine opsin in the methylotrophic yeast
              \textit{Pichia pastoris}",
  author   = "Abdulaev, Najmoutin G and Popp, Michael P and Smith, W Clay and
              Ridge, Kevin D",
  journal  = "Protein Expr. Purif.",
  volume   =  10,
  number   =  1,
  pages    = "61--69",
  month    =  jun,
  year     =  1997,
  keywords = "Alcohol Oxidoreductases; Alcohol Oxidoreductases: genetics;
              Animals; Cattle; Cloning, Molecular; DNA, Fungal; DNA, Fungal:
              genetics; Fungal; Fungal Proteins; Fungal Proteins: genetics;
              Fungal: genetics; Genes; Genes, Fungal; Genetic; Genetic Vectors;
              Genetic Vectors: genetics; Glycosylation; Molecular; Pichia;
              Pichia: genetics; Polymerase Chain Reaction; Post-Translational;
              Promoter Regions, Genetic; Protein Processing,
              Post-Translational; Recombinant Fusion Proteins; Recombinant
              Fusion Proteins: biosynthesis; Retinaldehyde; Retinaldehyde:
              metabolism; Rhodopsin; Rhodopsin: biosynthesis; Rhodopsin:
              genetics; Rhodopsin: isolation \& purification; Rod Opsins; Rod
              Opsins: biosynthesis; Rod Opsins: genetics;Environment
              Sensing/Light Sensing/Rhodopsin;Thesis
              References/02\_Rhodopsin/Auxillary;Thesis References"
}

@ARTICLE{Spudich2000,
  title     = "Retinylidene proteins: structures and functions from archaea to
               humans",
  author    = "Spudich, J L and Yang, C S and Jung, K H and Spudich, E N",
  journal   = "Annu. Rev. Cell Dev. Biol.",
  publisher = "Annual Reviews 4139 El Camino Way, P.O. Box 10139, Palo Alto, CA
               94303-0139, USA",
  volume    =  16,
  pages     = "365--392",
  month     =  jan,
  year      =  2000,
  keywords  = "Amino Acid Sequence; Animals; Archaea; Archaea: metabolism;
               Archaeal Proteins; Archaeal Proteins: chemistry; Archaeal
               Proteins: physiology; Eukaryotic Cells; Humans; Molecular
               Sequence Data; Retinoids; Retinoids: chemistry; Rhodopsin;
               Rhodopsin: chemistry; Rhodopsin: physiology; Structure-Activity
               Relationship;Environment Sensing/Light Sensing/Rhodopsin;Thesis
               References/02\_Rhodopsin/Structural;Thesis References;Thesis
               References/02\_Rhodopsin/Auxillary"
}

@ARTICLE{Saranak1997,
  title    = "Rhodopsin guides fungal phototaxis",
  author   = "Saranak, Jureepan and Foster, Kenneth W",
  journal  = "Nature",
  volume   =  387,
  number   =  6632,
  pages    = "465--466",
  month    =  may,
  year     =  1997,
  keywords = "Chytridiomycota; Chytridiomycota: drug effects; Chytridiomycota:
              physiology; Chytridiomycota: radiation effects; Light; Movement;
              Photoreceptor Cells; Photoreceptor Cells: physiology;
              Pyridazines; Pyridazines: pharmacology; Retinaldehyde;
              Retinaldehyde: analogs \& derivatives; Rhodopsin; Rhodopsin:
              physiology;Fungi/Chytrids;Environment Sensing;Environment
              Sensing/Light Sensing/Rhodopsin;Fungi;Thesis
              References/01\_Intro;Thesis References;Thesis
              References/02\_Rhodopsin/Auxillary"
}

@ARTICLE{Bolker1998,
  title    = "Sex and crime: heterotrimeric {G} proteins in fungal mating and
              pathogenesis",
  author   = "B{\"{o}}lker, M",
  journal  = "Fungal Genet. Biol.",
  volume   =  25,
  number   =  3,
  pages    = "143--156",
  month    =  dec,
  year     =  1998,
  keywords = "Fungal Proteins; Fungal Proteins: genetics; Fungal Proteins:
              physiology; Fungi; Fungi: genetics; Fungi: pathogenicity; Fungi:
              physiology; GTP-Binding Proteins; GTP-Binding Proteins: genetics;
              GTP-Binding Proteins: physiology; Humans; Mycoses; Mycoses:
              microbiology; Reproduction; Signal Transduction;
              Virulence;Unsorted/duplicates;GPCR/Galpha;GPCR;Thesis
              References/02\_Rhodopsin/Auxillary;Thesis References"
}

@INCOLLECTION{KABMycotaIII,
  title     = "Signal Transduction Pathways and Heterotrimeric {G} Proteins",
  booktitle = "The {Mycota} {III}",
  author    = "Borkovich, Katherine A",
  editor    = "Esser, K and Lemke, P A",
  pages     = "211--233",
  year      =  1996,
  keywords  = "GPCR;Thesis References/02\_Rhodopsin/Auxillary;Thesis References"
}

@ARTICLE{Muehlstein1987,
  title    = "Phototaxis in the Marine Fungus \textit{Rhizophydium littoreum}",
  author   = "Muehlstein, Lisa K and Amon, James P and Leffler, Deborah L",
  journal  = "Appl. Environ. Microbiol.",
  volume   =  53,
  number   =  7,
  pages    = "1668--1672",
  month    =  jul,
  year     =  1987,
  keywords = "Environment Sensing;Environment Sensing/Light Sensing;Thesis
              References/01\_Intro;Thesis References;Thesis
              References/02\_Rhodopsin/Structural;Thesis
              References/02\_Rhodopsin/Auxillary"
}

@ARTICLE{Gilman1987,
  title    = "{G} proteins: transducers of receptor-generated signals",
  author   = "Gilman, Alfred G",
  journal  = "Annu. Rev. Biochem.",
  volume   =  56,
  pages    = "615--649",
  month    =  jan,
  year     =  1987,
  keywords = "Adenylate Cyclase; Adenylate Cyclase: metabolism; Animals;
              Biological; GTP-Binding Proteins; GTP-Binding Proteins: genetics;
              GTP-Binding Proteins: metabolism; Models; Protein
              Binding;GPCR/Galpha;GPCR;Thesis
              References/02\_Rhodopsin/Auxillary;Thesis References"
}

