% Generated by Paperpile. Check out http://paperpile.com for more information.
% BibTeX export options can be customized via Settings -> BibTeX.

@ARTICLE{Katoh2005,
  title       = "{MAFFT} version 5: improvement in accuracy of multiple
                 sequence alignment",
  author      = "Katoh, Kazutaka and Kuma, Kei-Ichi and Toh, Hiroyuki and
                 Miyata, Takashi",
  affiliation = "Bioinformatics Center, Institute for Chemical Research, Kyoto
                 University Uji, Kyoto 611-0011, Japan.
                 kkatoh@kuicr.kyoto-u.ac.jp",
  journal     = "Nucleic Acids Res.",
  volume      =  33,
  number      =  2,
  pages       = "511--518",
  month       =  "20~" # jan,
  year        =  2005,
  keywords    = "Thesis References;Thesis References/02\_Rhodopsin/Structural"
}

@ARTICLE{Cashmore1999,
  title       = "Cryptochromes: blue light receptors for plants and animals",
  author      = "Cashmore, A R and Jarillo, J A and Wu, Y J and Liu, D",
  affiliation = "Plant Science Institute, Department of Biology, University of
                 Pennsylvania, Philadelphia, PA 19104-6018, USA.
                 cashmore@upenn.sas.edu",
  journal     = "Science",
  volume      =  284,
  number      =  5415,
  pages       = "760--765",
  month       =  "30~" # apr,
  year        =  1999,
  keywords    = "Thesis References;Thesis References/02\_Rhodopsin/Structural"
}

@ARTICLE{Bashford2000,
  title       = "Generalized {Born} models of macromolecular solvation effects",
  author      = "Bashford, D and Case, D A",
  affiliation = "Department of Molecular Biology, The Scripps Research
                 Institute, La Jolla, California 92037, USA.
                 bashford@scripps.edu",
  journal     = "Annu. Rev. Phys. Chem.",
  volume      =  51,
  pages       = "129--152",
  year        =  2000,
  keywords    = "Thesis References;Thesis References/02\_Rhodopsin/Structural"
}

@ARTICLE{Onufriev2000,
  title     = "Modification of the generalized {Born} model suitable for
               macromolecules",
  author    = "Onufriev, Alexey and Bashford, Donald and David, A",
  journal   = "J. Phys. Chem. B",
  publisher = "ACS Publications",
  volume    =  104,
  number    =  15,
  pages     = "3712--3720",
  year      =  2000,
  keywords  = "Thesis References/02\_Rhodopsin/Structural;Thesis References"
}

@ARTICLE{Simon1991,
  title       = "Diversity of {G} proteins in signal transduction",
  author      = "Simon, M I and Strathmann, M P and Gautam, N",
  affiliation = "Division of Biology, California Institute of Technology,
                 Pasadena 91125.",
  journal     = "Science",
  volume      =  252,
  number      =  5007,
  pages       = "802--808",
  month       =  "10~" # may,
  year        =  1991,
  keywords    = "Thesis References/02\_Rhodopsin/Structural;Thesis References"
}

@MANUAL{AMBER2015,
  title       = "{AMBER} 2015",
  author      = "Case, David A and Berryman, Josh T and Betz, Robin M and
                 Cerutti, David S and Cheatham, III, Thomas E and Darden, Tom A
                 and Duke, Robert E and Giese, Tim J and Gohlke, Holger and
                 Goetz, Andreas W and Homeyer, Nadine and Izadi, Saeed and
                 Janowski, Pawel and Kaus, Joe and Kovalenko, Andriy and Lee,
                 Taisung and LeGrand, Scott and Li, Pengfei and Luchko, Tyler
                 and Luo, Ray and Madej, Ben and Merz, Kenneth M and Monard,
                 Gerald and Needham, Perri and Nguyen, Hung T and Omelyan, Igor
                 and Onufriev, Alexey and Roe, Daniel R and Roitberg, Adrian
                 and Salomon-Ferrer, Romelia and Simmerling, Carlos L and
                 Smith, Wes and Swails, Jason and Walker, Ross C and Wang,
                 Junmei and Wolf, Romain M and Wu, Xiongwu and York, D M and
                 and Kollman, Peter A",
  institution = "University of California, San Francisco",
  year        =  2015,
  keywords    = "Thesis References/02\_Rhodopsin/Structural;Thesis References"
}

@ARTICLE{Irwin2005,
  title       = "{ZINC--a} free database of commercially available compounds
                 for virtual screening",
  author      = "Irwin, John J and Shoichet, Brian K",
  affiliation = "Department of Pharmaceutical Chemistry, University of
                 California San Francisco, Genentech Hall, 600 16th Street, San
                 Francisco, California 94143, USA.",
  journal     = "J. Chem. Inf. Model.",
  volume      =  45,
  number      =  1,
  pages       = "177--182",
  month       =  jan,
  year        =  2005,
  keywords    = "Thesis References/02\_Rhodopsin/Structural;Thesis References"
}

@ARTICLE{Lu2008,
  title       = "{OPUS-Rota}: a fast and accurate method for side-chain
                 modeling",
  author      = "Lu, Mingyang and Dousis, Athanasios D and Ma, Jianpeng",
  affiliation = "Verna and Marrs McLean Department of Biochemistry and
                 Molecular Biology, Baylor College of Medicine, Houston, Texas
                 77030, USA.",
  journal     = "Protein Sci.",
  volume      =  17,
  number      =  9,
  pages       = "1576--1585",
  month       =  sep,
  year        =  2008,
  keywords    = "Thesis References/02\_Rhodopsin/Structural;Thesis References"
}

@ARTICLE{Wiederstein2007,
  title       = "{ProSA-web}: interactive web service for the recognition of
                 errors in three-dimensional structures of proteins",
  author      = "Wiederstein, Markus and Sippl, Manfred J",
  affiliation = "Center of Applied Molecular Engineering, Division of
                 Bioinformatics, University of Salzburg, Hellbrunnerstrasse 34,
                 5020 Salzburg, Austria.",
  journal     = "Nucleic Acids Res.",
  volume      =  35,
  number      = "Web Server issue",
  pages       = "W407--10",
  month       =  jul,
  year        =  2007,
  keywords    = "Thesis References/02\_Rhodopsin/Structural;Thesis References"
}

@ARTICLE{Luthy1992,
  title       = "Assessment of protein models with three-dimensional profiles",
  author      = "L{\"{u}}thy, R and Bowie, J U and Eisenberg, D",
  affiliation = "Molecular Biology Institute, UCLA 90024-1570.",
  journal     = "Nature",
  volume      =  356,
  number      =  6364,
  pages       = "83--85",
  month       =  "5~" # mar,
  year        =  1992,
  keywords    = "Thesis References/02\_Rhodopsin/Structural;Thesis References"
}

@ARTICLE{Backman2011-dl,
  title       = "{ChemMine} tools: an online service for analyzing and
                 clustering small molecules",
  author      = "Backman, Tyler W H and Cao, Yiqun and Girke, Thomas",
  affiliation = "Department of Botany and Plant Sciences, University of
                 California Riverside, Riverside, CA 92521, USA.",
  journal     = "Nucleic Acids Res.",
  volume      =  39,
  number      = "Web Server issue",
  pages       = "W486--91",
  month       =  jul,
  year        =  2011,
  keywords    = "Thesis References/02\_Rhodopsin/Structural;Thesis References"
}

@ARTICLE{Arnold2006,
  title       = "The {SWISS-MODEL} workspace: a web-based environment for
                 protein structure homology modelling",
  author      = "Arnold, Konstantin and Bordoli, Lorenza and Kopp, J{\"{u}}rgen
                 and Schwede, Torsten",
  affiliation = "Biozentrum Basel, University of Basel Switzerland.",
  journal     = "Bioinformatics",
  volume      =  22,
  number      =  2,
  pages       = "195--201",
  month       =  "15~" # jan,
  year        =  2006,
  keywords    = "Thesis References/04\_Coelomomyces;Thesis
                 References/02\_Rhodopsin/Structural;Thesis References"
}

% The entry below contains non-ASCII chars that could not be converted
% to a LaTeX equivalent.
@ARTICLE{Beitz2000textopo,
  title    = "{TEXtopo}: shaded membrane protein topology plots in {LaTEX2É›}",
  author   = "Beitz, Eric",
  journal  = "Bioinformatics",
  volume   =  16,
  number   =  11,
  pages    = "1050--1051",
  year     =  2000,
  keywords = "Thesis References;Thesis References/02\_Rhodopsin/Structural"
}

@ARTICLE{Russell1992,
  title       = "Multiple protein sequence alignment from tertiary structure
                 comparison: assignment of global and residue confidence levels",
  author      = "Russell, R B and Barton, G J",
  affiliation = "Laboratory of Molecular Biophysics, University of Oxford,
                 England.",
  journal     = "Proteins",
  volume      =  14,
  number      =  2,
  pages       = "309--323",
  month       =  oct,
  year        =  1992,
  keywords    = "Thesis References/02\_Rhodopsin/Structural;Thesis References"
}

@ARTICLE{Humphrey1996,
  title       = "{VMD}: visual molecular dynamics",
  author      = "Humphrey, W and Dalke, A and Schulten, K",
  affiliation = "Theoretical Biophysics Group, University of Illinois, Urbana
                 61801, USA.",
  journal     = "J. Mol. Graph.",
  volume      =  14,
  number      =  1,
  pages       = "33--8, 27--8",
  month       =  feb,
  year        =  1996,
  keywords    = "Thesis References/02\_Rhodopsin/Structural;Thesis References"
}

@ARTICLE{Ramachandran1963,
  title    = "Stereochemistry of polypeptide chain configurations",
  author   = "Ramachandran, G N and Ramakrishnan, C and Sasisekharan, V",
  journal  = "J. Mol. Biol.",
  volume   =  7,
  pages    = "95--99",
  month    =  jul,
  year     =  1963,
  keywords = "PEPTIDES;Thesis References/02\_Rhodopsin/Structural;Thesis
              References"
}

@ARTICLE{Zhang2008,
  title       = "{I-TASSER} server for protein {3D} structure prediction",
  author      = "Zhang, Yang",
  affiliation = "Center for Bioinformatics and Department of Molecular
                 Bioscience, University of Kansas, 2030 Becker Dr, Lawrence, KS
                 66047, USA. yzhang@ku.edu",
  journal     = "BMC Bioinformatics",
  volume      =  9,
  pages       = "40",
  month       =  "23~" # jan,
  year        =  2008,
  keywords    = "Ahrendt Chytropsin Paper;Thesis
                 References/02\_Rhodopsin/Structural;Thesis References"
}

@ARTICLE{Avelar2014,
  title       = "A {Rhodopsin-Guanylyl} Cyclase Gene Fusion Functions in Visual
                 Perception in a Fungus",
  author      = "Avelar, Gabriela M and Schumacher, Robert I and Zaini, Paulo A
                 and Leonard, Guy and Richards, Thomas A and Gomes, Suely L",
  affiliation = "Departamento de Bioqu\'{\i}mica, Instituto de Qu\'{\i}mica,
                 Universidade de S\~{a}o Paulo, S\~{a}o Paulo 05508-000,
                 Brazil.Departamento de Bioqu\'{\i}mica, Instituto de
                 Qu\'{\i}mica, Universidade de S\~{a}o Paulo, S\~{a}o Paulo
                 05508-000, Brazil.Departamento de Bioqu\'{\i}mica, Instituto
                 de Qu\'{\i}mica, Universidade de S\~{a}o Paulo, S\~{a}o Paulo
                 05508-000, Brazil.Biosciences, University of Exeter, Geoffrey
                 Pope Building, Stocker Road, Exeter EX4 4QD, UK.Biosciences,
                 University of Exeter, Geoffrey Pope Building, Stocker Road,
                 Exeter EX4 4QD, UK. Electronic address:
                 t.a.richards@exeter.ac.uk.Departamento de Bioqu\'{\i}mica,
                 Instituto de Qu\'{\i}mica, Universidade de S\~{a}o Paulo,
                 S\~{a}o Paulo 05508-000, Brazil. Electronic address:
                 sulgomes@iq.usp.br.",
  journal     = "Curr. Biol.",
  number      =  0,
  month       =  "14~" # may,
  year        =  2014,
  keywords    = "Environment Sensing;Environment Sensing/Light
                 Sensing;Environment Sensing/Light
                 Sensing/Rhodopsin;Fungi;Fungi/Chytrids;Ahrendt Coelomomyces
                 Paper;Interesting papers;Thesis
                 References/04\_Coelomomyces;Thesis References;Thesis
                 References/02\_Rhodopsin/Structural"
}

@ARTICLE{Morris2009,
  title    = "{AutoDock4} and {AutoDockTools4}: Automated Docking with
              Selective Receptor Flexibility",
  author   = "Morris, Garrett M and Huey, Ruth and Lindstrom, William and
              Sanner, Michel F and Belew, Richard K and Goodsell, David S and
              Olson, Arthur J",
  journal  = "Journal of Computational Chemistry",
  volume   =  30,
  number   =  16,
  pages    = "2785--2791",
  month    =  "30~" # dec,
  year     =  2009,
  keywords = "autodock; computational docking; computer-aided drug; covalent
              ligands; protein flexibility;Programs;Thesis
              References/02\_Rhodopsin/Structural;Thesis References"
}

@ARTICLE{Birge1990,
  title    = "Nature of the primary photochemical events in rhodopsin and
              bacteriorhodopsin",
  author   = "Birge, Robert R",
  journal  = "Biochim. Biophys. Acta",
  volume   =  1016,
  number   =  3,
  pages    = "293--327",
  month    =  apr,
  year     =  1990,
  keywords = "Amino Acid Sequence; Bacteriorhodopsins; Bacteriorhodopsins:
              metabolism; Binding Sites; Molecular Sequence Data; Molecular
              Structure; Photochemistry; Retinal Pigments; Retinal Pigments:
              metabolism; Rhodopsin; Rhodopsin: metabolism; Spectrum Analysis;
              Structure-Activity Relationship;Ahrendt Chytropsin
              Paper;Environment Sensing/Light Sensing/Rhodopsin;Thesis
              References/02\_Rhodopsin/Structural;Thesis References"
}

@ARTICLE{Shichida2009,
  title    = "Evolution of opsins and phototransduction",
  author   = "Shichida, Yoshinori and Matsuyama, Take",
  journal  = "Philos. Trans. R. Soc. Lond. B Biol. Sci.",
  volume   =  364,
  number   =  1531,
  pages    = "2881--2895",
  month    =  oct,
  year     =  2009,
  keywords = "Animals; Evolution; GTP-Binding Proteins; GTP-Binding Proteins:
              genetics; Molecular; Mutagenesis; Ocular; Ocular: genetics;
              Opsins; Opsins: genetics; Photoreceptor Cells; Phylogeny;
              Site-Directed; Vertebrate; Vertebrate: physiology;
              Vision;Environment Sensing/Light Sensing;Environment
              Sensing/Light Sensing/Rhodopsin;Interesting papers;Thesis
              References/02\_Rhodopsin/Structural;Thesis References"
}

@ARTICLE{Idnurm2010,
  title     = "A glimpse into the basis of vision in the kingdom {Mycota}",
  author    = "Idnurm, Alexander and Verma, Surbhi and Corrochano, Luis M",
  journal   = "Fungal Genet. Biol.",
  publisher = "Elsevier Inc.",
  volume    =  47,
  number    =  11,
  pages     = "881--892",
  month     =  nov,
  year      =  2010,
  keywords  = "Environment Sensing/Light Sensing/Rhodopsin;Environment
               Sensing/Light Sensing;Thesis References/01\_Intro;Thesis
               References;Thesis References/02\_Rhodopsin/Structural"
}

@ARTICLE{Schweiger1994,
  title    = "Bacteriorhodopsin can function without a covalent linkage between
              retinal and protein",
  author   = "Schweiger, U and Tittor, J and Oesterhelt, D",
  journal  = "Biochemistry",
  volume   =  33,
  number   =  2,
  pages    = "535--541",
  month    =  jan,
  year     =  1994,
  keywords = "Bacteriorhodopsins; Bacteriorhodopsins: genetics;
              Bacteriorhodopsins: metabolism; Cell Membrane; Cell Membrane:
              chemistry; Cell Membrane: metabolism; Escherichia coli;
              Escherichia coli: genetics; Halobacterium; Halobacterium:
              genetics; Hydrogen-Ion Concentration; Kinetics; Light; Lysine;
              Lysine: genetics; Lysine: metabolism; Photolysis; Proton Pumps;
              Proton Pumps: metabolism; Retinaldehyde; Retinaldehyde:
              metabolism; Retinoids; Retinoids: metabolism; Schiff
              Bases;Environment Sensing/Light Sensing/Rhodopsin;Ahrendt
              Chytropsin Paper;Thesis
              References/02\_Rhodopsin/Structural;Thesis References"
}

@ARTICLE{Murakami2008,
  title    = "Crystal structure of squid rhodopsin",
  author   = "Murakami, Midori and Kouyama, Tsutomu",
  journal  = "Nature",
  volume   =  453,
  number   =  7193,
  pages    = "363--367",
  month    =  may,
  year     =  2008,
  keywords = "Amino Acid Sequence; Animals; Crystallography, X-Ray;
              Decapodiformes; Decapodiformes: chemistry; Dimerization; Models,
              Molecular; Molecular Sequence Data; Protein Structure, Secondary;
              Retinaldehyde; Retinaldehyde: metabolism; Rhodopsin; Rhodopsin:
              chemistry; Rhodopsin: metabolism; Schiff Bases; Vision, Ocular;
              Vision, Ocular: physiology; Water; Water: chemistry; Water:
              metabolism;Environment Sensing/Light
              Sensing/Rhodopsin;Unsorted/duplicates;Thesis
              References/02\_Rhodopsin/Structural;Thesis References"
}

@ARTICLE{Corrochano2007,
  title    = "Fungal photoreceptors: sensory molecules for fungal development
              and behaviour",
  author   = "Corrochano, Luis M",
  journal  = "Photochem. Photobiol. Sci.",
  volume   =  6,
  number   =  7,
  pages    = "725--736",
  month    =  jul,
  year     =  2007,
  keywords = "Aspergillus nidulans; Aspergillus nidulans: metabolism;
              Aspergillus nidulans: radiation effects; Fungal Proteins; Fungal
              Proteins: metabolism; Light; Neurospora; Neurospora: metabolism;
              Neurospora: radiation effects; Photoreceptors, Microbial;
              Photoreceptors, Microbial: physiology;Environment Sensing/Light
              Sensing;Environment Sensing/Light Sensing/Rhodopsin;Thesis
              References/01\_Intro;Thesis References;Thesis
              References/02\_Rhodopsin/Structural"
}

@ARTICLE{Smith2010,
  title    = "Structure and activation of the visual pigment rhodopsin",
  author   = "Smith, Steven O",
  journal  = "Annu. Rev. Biophys.",
  volume   =  39,
  pages    = "309--328",
  month    =  jun,
  year     =  2010,
  keywords = "Animals; Humans; Retinaldehyde; Retinaldehyde: metabolism;
              Rhodopsin; Rhodopsin: chemistry; Rhodopsin: metabolism; Signal
              Transduction;Ahrendt Chytropsin Paper;Environment Sensing/Light
              Sensing/Rhodopsin;Thesis References/01\_Intro;Thesis
              References;Thesis References/02\_Rhodopsin/Structural"
}

@ARTICLE{Sekharan2011,
  title    = "Why 11-\textit{cis}-Retinal? Why Not 7-\textit{cis},
              9-\textit{cis} or 13-\textit{cis}-Retinal in the Eye?",
  author   = "Sekharan, Sivakumar and Morokuma, Keiji",
  journal  = "J. Am. Chem. Soc.",
  volume   =  133,
  number   =  47,
  pages    = "19052--19055",
  month    =  "30~" # nov,
  year     =  2011,
  keywords = "Environment Sensing/Light Sensing/Rhodopsin;Ahrendt Chytropsin
              Paper;Thesis References/02\_Rhodopsin/Structural;Thesis
              References"
}

@ARTICLE{Spudich2000,
  title     = "Retinylidene proteins: structures and functions from archaea to
               humans",
  author    = "Spudich, J L and Yang, C S and Jung, K H and Spudich, E N",
  journal   = "Annu. Rev. Cell Dev. Biol.",
  publisher = "Annual Reviews 4139 El Camino Way, P.O. Box 10139, Palo Alto, CA
               94303-0139, USA",
  volume    =  16,
  pages     = "365--392",
  month     =  jan,
  year      =  2000,
  keywords  = "Amino Acid Sequence; Animals; Archaea; Archaea: metabolism;
               Archaeal Proteins; Archaeal Proteins: chemistry; Archaeal
               Proteins: physiology; Eukaryotic Cells; Humans; Molecular
               Sequence Data; Retinoids; Retinoids: chemistry; Rhodopsin;
               Rhodopsin: chemistry; Rhodopsin: physiology; Structure-Activity
               Relationship;Environment Sensing/Light Sensing/Rhodopsin;Thesis
               References/02\_Rhodopsin/Structural;Thesis References;Thesis
               References/02\_Rhodopsin/Auxillary"
}

@ARTICLE{Terakita2005,
  title    = "The opsins",
  author   = "Terakita, Akihisa",
  journal  = "Genome Biol.",
  volume   =  6,
  number   =  3,
  pages    = "213",
  year     =  2005,
  keywords = "Environment Sensing/Light Sensing;Environment Sensing/Light
              Sensing/Rhodopsin;Thesis
              References/02\_Rhodopsin/Structural;Thesis References"
}

@ARTICLE{Royant2001,
  title    = "X-ray structure of sensory rhodopsin {II} at {2.1-\AA} resolution",
  author   = "Royant, A and Nollert, P and Edman, K and Neutze, R and Landau, E
              M and Pebay-Peyroula, E and Navarro, J",
  journal  = "Proc. Natl. Acad. Sci. U. S. A.",
  volume   =  98,
  number   =  18,
  pages    = "10131--10136",
  month    =  aug,
  year     =  2001,
  keywords = "Animals; Archaeal Proteins; Bacteriorhodopsins;
              Bacteriorhodopsins: chemistry; Bacteriorhodopsins: genetics;
              Binding Sites; Carotenoids; Crystallography; Halorhodopsins;
              Models; Molecular; Natronobacterium; Natronobacterium: chemistry;
              Natronobacterium: genetics; Protein Conformation; Retinaldehyde;
              Retinaldehyde: chemistry; Sensory Rhodopsins; Static Electricity;
              X-Ray;Environment Sensing/Light Sensing/Rhodopsin;Thesis
              References/02\_Rhodopsin/Structural;Thesis References"
}

@ARTICLE{Ballario1997,
  title    = "White collar proteins: {PASsing} the light signal in
              \textit{Neurospora crassa}",
  author   = "Ballario, P and Macino, G",
  journal  = "Trends Microbiol.",
  volume   =  5,
  number   =  11,
  pages    = "458--462",
  month    =  nov,
  year     =  1997,
  keywords = "Circadian Rhythm; DNA-Binding Proteins; DNA-Binding Proteins:
              genetics; DNA-Binding Proteins: metabolism; DNA-Binding Proteins:
              radiation effects; Fungal Proteins; Fungal Proteins: genetics;
              Fungal Proteins: metabolism; Fungal Proteins: radiation effects;
              Genes, Fungal; Light; Mutation; Neurospora crassa; Neurospora
              crassa: genetics; Neurospora crassa: metabolism; Neurospora
              crassa: radiation effects; Photobiology; Signal Transduction;
              Signal Transduction: radiation effects; Transcription Factors;
              Transcription Factors: genetics; Transcription Factors:
              metabolism; Transcription Factors: radiation effects;Environment
              Sensing/Light Sensing;Thesis References/01\_Intro;Thesis
              References;Thesis References/02\_Rhodopsin/Structural"
}

@ARTICLE{Okada2004,
  title    = "The Retinal Conformation and its Environment in Rhodopsin in
              Light of a New {2.2\AA} Crystal Structure",
  author   = "Okada, Tetsuji and Sugihara, Minoru and Bondar, Ana-Nicoleta and
              Elstner, Marcus and Entel, Peter and Buss, Volker",
  journal  = "J. Mol. Biol.",
  volume   =  342,
  number   =  2,
  pages    = "571--583",
  year     =  2004,
  keywords = "GPCR; MD; MM; molecular dynamics; molecular dynamics simulation;
              molecular mechanics; QM; quantum mechanics; quantum-chemistry;
              rhodopsin; X-ray crystallography;Thesis References;Thesis
              References/02\_Rhodopsin/Structural"
}

@ARTICLE{Notredame2000,
  title    = "{T-Coffee}: A novel method for fast and accurate multiple
              sequence alignment",
  author   = "Notredame, Cedric and Higgins, D G and Heringa, J",
  journal  = "J. Mol. Biol.",
  volume   =  302,
  number   =  1,
  pages    = "205--217",
  month    =  sep,
  year     =  2000,
  keywords = "Algorithms; Amino Acid; Amino Acid Motifs; Amino Acid Sequence;
              Animals; Computational Biology; Computational Biology: methods;
              Databases as Topic; Humans; Molecular Sequence Data;
              Protein-Serine-Threonine Kinases; Protein-Serine-Threonine
              Kinases: chemistry; Reproducibility of Results; Sensitivity and
              Specificity; Sequence Alignment; Sequence Alignment: methods;
              Sequence Homology; Software;Ahrendt Chytropsin Paper;Thesis
              References/02\_Rhodopsin/Structural;Thesis References"
}

@ARTICLE{Purschwitz2006,
  title    = "Seeing the rainbow: light sensing in fungi",
  author   = "Purschwitz, Janina and M{\"{u}}ller, Sylvia and Kastner,
              Christian and Fischer, Reinhard",
  journal  = "Curr. Opin. Microbiol.",
  volume   =  9,
  number   =  6,
  pages    = "566--571",
  month    =  dec,
  year     =  2006,
  keywords = "Fungi; Fungi: genetics; Fungi: growth \& development; Fungi:
              metabolism; Fungi: physiology; Gene Expression Regulation,
              Fungal; Photoreceptor Cells; Photoreceptor Cells: metabolism;
              Photoreceptor Cells: physiology; Phytochrome; Phytochrome:
              genetics; Phytochrome: metabolism; Rod Opsins; Rod Opsins:
              metabolism;Environment Sensing/Light Sensing;Thesis
              References/01\_Intro;Thesis References;Thesis
              References/02\_Rhodopsin/Structural"
}

@ARTICLE{Laskowski1993,
  title     = "{PROCHECK}: a program to check the stereochemical quality of
               protein structures",
  author    = "Laskowski, R a and MacArthur, M W and Moss, D S and Thornton, J
               M",
  journal   = "J. Appl. Crystallogr.",
  publisher = "International Union of Crystallography",
  volume    =  26,
  number    =  2,
  pages     = "283--291",
  month     =  apr,
  year      =  1993,
  keywords  = "Ahrendt Chytropsin Paper;Thesis
               References/02\_Rhodopsin/Structural;Thesis References"
}

@ARTICLE{Rockwell2006,
  title    = "Phytochrome structure and signaling mechanisms",
  author   = "Rockwell, Nathan C and Su, Yi-Shin and Lagarias, J Clark",
  journal  = "Annu. Rev. Plant Biol.",
  volume   =  57,
  pages    = "837--858",
  month    =  jan,
  year     =  2006,
  keywords = "Models; Molecular; Phytochrome; Phytochrome: chemistry;
              Phytochrome: metabolism; Protein Conformation; Signal
              Transduction;Environment Sensing/Light Sensing;Thesis
              References/01\_Intro;Thesis References;Thesis
              References/02\_Rhodopsin/Structural"
}

@ARTICLE{Muehlstein1987,
  title    = "Phototaxis in the Marine Fungus \textit{Rhizophydium littoreum}",
  author   = "Muehlstein, Lisa K and Amon, James P and Leffler, Deborah L",
  journal  = "Appl. Environ. Microbiol.",
  volume   =  53,
  number   =  7,
  pages    = "1668--1672",
  month    =  jul,
  year     =  1987,
  keywords = "Environment Sensing;Environment Sensing/Light Sensing;Thesis
              References/01\_Intro;Thesis References;Thesis
              References/02\_Rhodopsin/Structural;Thesis
              References/02\_Rhodopsin/Auxillary"
}

@ARTICLE{Edgar2004,
  title    = "{MUSCLE}: multiple sequence alignment with high accuracy and high
              throughput",
  author   = "Edgar, Robert C and Drive, Roque Moraes and Valley, Mill",
  journal  = "Nucleic Acids Res.",
  volume   =  32,
  number   =  5,
  pages    = "1792--1797",
  month    =  jan,
  year     =  2004,
  keywords = "Algorithms; Amino Acid Motifs; Amino Acid Sequence; Internet;
              Molecular Sequence Data; Protein; Protein: methods;
              Reproducibility of Results; Sequence Alignment; Sequence
              Alignment: methods; Sequence Analysis; Software; Time
              Factors;Ahrendt Chytropsin Paper;Thesis References;Thesis
              References/02\_Rhodopsin/Structural"
}

@ARTICLE{Katoh2002,
  title    = "{MAFFT}: a novel method for rapid multiple sequence alignment
              based on fast Fourier transform",
  author   = "Katoh, Kazutaka and Misawa, Kazuharu and Kuma, Kei-Ichi and
              Miyata, Takashi",
  journal  = "Nucleic Acids Res.",
  volume   =  30,
  number   =  14,
  pages    = "3059--3066",
  month    =  jul,
  year     =  2002,
  keywords = "Computer Simulation; DNA-Directed RNA Polymerases; DNA-Directed
              RNA Polymerases: genetics; Fourier Transform Infrared; Fourier
              Transform Infrared: methods; Reproducibility of Results;
              Ribosomal; Ribosomal: genetics; RNA; Sequence Alignment; Sequence
              Alignment: methods; Software; Spectroscopy;Ahrendt Chytropsin
              Paper;Thesis References;Thesis
              References/02\_Rhodopsin/Structural"
}

@ARTICLE{Armougom2006,
  title    = "Expresso: automatic incorporation of structural information in
              multiple sequence alignments using {3D-Coffee}",
  author   = "Armougom, Fabrice and Moretti, S\'{e}bastien and Poirot, Olivier
              and Audic, St\'{e}phane and Dumas, Pierre and Schaeli, Basile and
              Keduas, Vladimir and Notredame, Cedric",
  journal  = "Nucleic Acids Res.",
  volume   =  34,
  number   = "Web Server issue",
  pages    = "W604--8",
  month    =  jul,
  year     =  2006,
  keywords = "Databases; Internet; Protein; Protein Conformation; Sequence
              Alignment; Sequence Alignment: methods; Software; User-Computer
              Interface;Ahrendt Chytropsin Paper;Thesis
              References/02\_Rhodopsin/Structural;Thesis References"
}

@ARTICLE{Eswar2007,
  title    = "Comparative protein structure modeling using {MODELLER}",
  author   = "Eswar, Narayanan and Webb, Ben and Marti-Renom, Marc a and
              Madhusudhan, M S and Eramian, David and Shen, Min-Yi and Pieper,
              Ursula and Sali, Andrej",
  journal  = "Curr. Protoc. Protein Sci.",
  volume   = "Chapter 2",
  number   = "November",
  pages    = "Unit 2.9",
  month    =  nov,
  year     =  2007,
  keywords = "Animals; Internet; L-Lactate Dehydrogenase; L-Lactate
              Dehydrogenase: chemistry; Models; Molecular; Protein
              Conformation; Trichomonas vaginalis; Trichomonas vaginalis:
              enzymology;Ahrendt Chytropsin Paper;Programs;Thesis
              References/02\_Rhodopsin/Structural;Thesis References"
}

@INCOLLECTION{Bolton2008,
  title     = "Chapter 12 - {PubChem}: Integrated Platform of Small Molecules
               and Biological Activities",
  booktitle = "Annual Reports in Computational Chemistry",
  author    = "Bolton, Evan E and Wang, Yanli and Thiessen, Paul A and Bryant,
               Stephen H",
  editor    = "{Ralph A. Wheeler and David C. Spellmeyer}",
  publisher = "Elsevier",
  volume    = "Volume 4",
  pages     = "217--241",
  year      =  2008,
  keywords  = "assay; biological activity; chemical structures; database;
               pubchem; repository; web-based tools;Thesis
               References/02\_Rhodopsin/Structural;Thesis References"
}

@ARTICLE{Zhukovsky1992,
  title    = "Changing the location of the Schiff base counterion in rhodopsin",
  author   = "Zhukovsky, E a and Robinson, P R and Oprian, D D",
  journal  = "Biochemistry",
  volume   =  31,
  number   =  42,
  pages    = "10400--10405",
  month    =  oct,
  year     =  1992,
  keywords = "Amino Acid; Amino Acid Sequence; Animals; Cattle; Genes;
              Kinetics; Light; Molecular Sequence Data; Mutagenesis;
              Neurotransmitter; Neurotransmitter: genetics; Protein Structure;
              Receptors; Recombinant Proteins; Recombinant Proteins: chemistry;
              Recombinant Proteins: isolation \& purification; Recombinant
              Proteins: metabolism; Retina; Retina: metabolism; Retinal
              Pigments; Retinal Pigments: genetics; Rhodopsin; Rhodopsin:
              chemistry; Rhodopsin: genetics; Rhodopsin: metabolism; Schiff
              Bases; Secondary; Sequence Homology; Site-Directed;
              Spectrophotometry; Synthetic; Transducin; Transducin: isolation
              \& purification; Transducin: metabolism;Environment Sensing/Light
              Sensing;Environment Sensing/Light Sensing/Rhodopsin;Thesis
              References/02\_Rhodopsin/Structural;Thesis References"
}

@ARTICLE{Grant2006,
  title    = "Bio3d: an {R} package for the comparative analysis of protein
              structures",
  author   = "Grant, Barry J and Rodrigues, Ana P C and ElSawy, Karim M and
              McCammon, J Andrew and Caves, Leo S D",
  journal  = "Bioinformatics",
  volume   =  22,
  number   =  21,
  pages    = "2695--2696",
  month    =  nov,
  year     =  2006,
  keywords = "Amino Acid Sequence; Computer Simulation; Internet; Models,
              Chemical; Models, Molecular; Molecular Sequence Data; Protein
              Conformation; Proteins; Proteins: chemistry; Sequence Analysis,
              Protein; Sequence Analysis, Protein: methods; Software;
              User-Computer Interface;Ahrendt Chytropsin Paper;Thesis
              References/02\_Rhodopsin/Structural;Thesis References"
}

