% Generated by Paperpile. Check out http://paperpile.com for more information.
% BibTeX export options can be customized via Settings -> BibTeX.

@ARTICLE{Wald1968,
  title    = "The Molecular Basis of Visual Excitation",
  author   = "Wald, George",
  journal  = "Nature",
  volume   =  219,
  pages    = "800--807",
  year     =  1968,
  keywords = "Thesis References/01\_Intro;Thesis References"
}

@ARTICLE{VonLintig2000,
  title    = "Filling the Gap in Vitamin A Research: Molecular Identification
              of an Enzyme Cleaving $\beta$-Carotene to Retinal",
  author   = "von Lintig, Johannes and Vogt, Klaus",
  journal  = "J. Biol. Chem.",
  volume   =  275,
  number   =  16,
  pages    = "11915--11920",
  month    =  "21~" # apr,
  year     =  2000,
  keywords = "Carotenogenesis;Thesis References/01\_Intro;Thesis References"
}

@ARTICLE{Wang1999,
  title       = "Divergence time estimates for the early history of animal
                 phyla and the origin of plants, animals and fungi",
  author      = "Wang, D Y and Kumar, S and Hedges, S B",
  affiliation = "Department of Biology, Pennsylvania State University,
                 University Park 16802, USA.",
  journal     = "Proc. Biol. Sci.",
  volume      =  266,
  number      =  1415,
  pages       = "163--171",
  month       =  "22~" # jan,
  year        =  1999,
  keywords    = "Thesis References/01\_Intro;Thesis References"
}

@ARTICLE{Taylor2006,
  title       = "Dating divergences in the Fungal Tree of Life: review and new
                 analyses",
  author      = "Taylor, John W and Berbee, Mary L",
  affiliation = "Department of Plant and Microbial Biology, University of
                 California, Berkeley 94720-3102, USA.
                 jtaylor@nature.berkeley.edu",
  journal     = "Mycologia",
  volume      =  98,
  number      =  6,
  pages       = "838--849",
  month       =  nov,
  year        =  2006,
  keywords    = "Animals; Birds; Birds: genetics; dating divergences;
                 Evolution; fossil fungi; Fungi; Fungi: classification; Fungi:
                 genetics; Mammals; Mammals: genetics; Molecular; Phylogeny;
                 Plants; Plants: genetics; Time;Phylogenetics;Thesis
                 References/01\_Intro;Unsorted/duplicates;Fungi;Thesis
                 References"
}

@ARTICLE{Doolittle1996,
  title       = "Determining divergence times of the major kingdoms of living
                 organisms with a protein clock",
  author      = "Doolittle, R F and Feng, D F and Tsang, S and Cho, G and
                 Little, E",
  affiliation = "Center for Molecular Genetics University of California, San
                 Diego, La Jolla 92093-0634, USA.",
  journal     = "Science",
  volume      =  271,
  number      =  5248,
  pages       = "470--477",
  month       =  "26~" # jan,
  year        =  1996,
  keywords    = "Thesis References/01\_Intro;Thesis References"
}

@ARTICLE{Berbee1993,
  title    = "Dating the evolutionary radiations of the true fungi",
  author   = "Berbee, Mary L and Taylor, John W",
  journal  = "Can. J. Bot.",
  volume   =  71,
  number   =  8,
  pages    = "1114--1127",
  year     =  1993,
  keywords = "Thesis References/01\_Intro;Thesis References"
}

@ARTICLE{Canter1967,
  title     = "Studies on British chytrids: {XXVI}. A critical examination of
               Zygorhizidium melosirae Canter and Z. planktonicum Canter",
  author    = "Canter, Hilda M",
  journal   = "Journal of the Linnean Society of London, Botany",
  publisher = "Blackwell Publishing Ltd",
  volume    =  60,
  number    =  381,
  pages     = "85--97",
  month     =  "1~" # feb,
  year      =  1967,
  keywords  = "Thesis References/01\_Intro;Thesis References"
}

@ARTICLE{Jones2011,
  title       = "Validation and justification of the phylum name Cryptomycota
                 phyl. nov",
  author      = "Jones, Meredith D M and Richards, Thomas A and Hawksworth,
                 David L and Bass, David",
  affiliation = "School of Biosciences, University of Exeter, Exeter EX4 4QD,
                 UK;",
  journal     = "IMA Fungus",
  volume      =  2,
  number      =  2,
  pages       = "173--175",
  month       =  dec,
  year        =  2011,
  keywords    = "Fungi; Rozella; Rozellida; chitin; chytrid; phylogeny;Thesis
                 References/01\_Intro;Thesis References"
}

@ARTICLE{Ribichich2005,
  title       = "Gene discovery and expression profile analysis through
                 sequencing of expressed sequence tags from different
                 developmental stages of the chytridiomycete Blastocladiella
                 emersonii",
  author      = "Ribichich, Karina F and Salem-Izacc, Silvia M and Georg,
                 Raphaela C and V\^{e}ncio, Ricardo Z N and Navarro, Luci D and
                 Gomes, Suely L",
  affiliation = "Departamento de Bioqu\'{\i}mica, Instituto de Qu\'{\i}mica,
                 Universidade de S\~{a}o Paulo, Av. Prof. Lineu Prestes 748,
                 05508-000, S\~{a}o Paulo, SP, Brazil.",
  journal     = "Eukaryot. Cell",
  volume      =  4,
  number      =  2,
  pages       = "455--464",
  month       =  feb,
  year        =  2005,
  keywords    = "Thesis References/01\_Intro;Thesis References"
}

@ARTICLE{Barr1981,
  title    = "The phylogenetic and taxonomic implications of flagellar rootlet
              morphology among zoosporic fungi",
  author   = "Barr, D J",
  journal  = "Biosystems.",
  volume   =  14,
  number   = "3-4",
  pages    = "359--370",
  year     =  1981,
  keywords = "Thesis References/01\_Intro;Thesis References"
}

@ARTICLE{Lobo2012,
  title       = "{BCDO2} acts as a carotenoid scavenger and gatekeeper for the
                 mitochondrial apoptotic pathway",
  author      = "Lobo, Glenn P and Isken, Andrea and Hoff, Sylvia and Babino,
                 Darwin and von Lintig, Johannes",
  affiliation = "Case Western Reserve University, School of Medicine,
                 Department of Pharmacology, 10900 Euclid Avenue, Cleveland, OH
                 44106, USA.",
  journal     = "Development",
  volume      =  139,
  number      =  16,
  pages       = "2966--2977",
  month       =  aug,
  year        =  2012,
  keywords    = "Thesis References/01\_Intro;Thesis References"
}

@ARTICLE{Cunningham1994-tl,
  title     = "Molecular Structure and Enzymatic Function of Lycopene Cyclase
               from the Cyanobacterium Synechococcus sp Strain {PCC7942}",
  author    = "Cunningham, Jr., Francis X and Sun, Zairen and Chamovitz, Daniel
               and Hirschberg, Joseph and Gantt, Elisabeth",
  journal   = "Plant Cell",
  publisher = "American Society of Plant Biologists (ASPB)",
  volume    =  6,
  number    =  8,
  pages     = "1107--1121",
  month     =  "1~" # aug,
  year      =  1994,
  keywords  = "Thesis References/01\_Intro;Thesis References"
}

@ARTICLE{Rivera2012-yo,
  title       = "Blue-light-receptive cryptochrome is expressed in a sponge eye
                 lacking neurons and opsin",
  author      = "Rivera, Ajna S and Ozturk, Nuri and Fahey, Bryony and
                 Plachetzki, David C and Degnan, Bernard M and Sancar, Aziz and
                 Oakley, Todd H",
  affiliation = "Department of Biological Sciences, University of the Pacific,
                 Stockton, CA 95211, USA.",
  journal     = "J. Exp. Biol.",
  volume      =  215,
  number      = "Pt 8",
  pages       = "1278--1286",
  month       =  "15~" # apr,
  year        =  2012,
  keywords    = "Thesis References/01\_Intro;Thesis References"
}

@ARTICLE{Pierce2002-vh,
  title       = "Seven-transmembrane receptors",
  author      = "Pierce, Kristen L and Premont, Richard T and Lefkowitz, Robert
                 J",
  affiliation = "The Howard Hughes Medical Institute and the Department of
                 Medicine, Box 3821, Duke University Medical Center, Durham,
                 North Carolina 27710, USA.",
  journal     = "Nat. Rev. Mol. Cell Biol.",
  volume      =  3,
  number      =  9,
  pages       = "639--650",
  month       =  sep,
  year        =  2002,
  keywords    = "Thesis References/01\_Intro;Thesis References"
}

% The entry below contains non-ASCII chars that could not be converted
% to a LaTeX equivalent.
@ARTICLE{Lietz2012-qt,
  title    = "Importance of $\beta$,$\beta$-carotene 15,15′-monooxygenase 1
              ({BCMO1}) and $\beta$,$\beta$-carotene 9′,10′-dioxygenase 2
              ({BCDO2}) in nutrition and health",
  author   = "Lietz, Georg and Oxley, Anthony and Boesch-Saadatmandi, Christine
              and Kobayashi, Daisuke",
  journal  = "Mol. Nutr. Food Res.",
  volume   =  56,
  number   =  2,
  pages    = "241--250",
  year     =  2012,
  keywords = "BCMO1, BCDO2, Carotenoids, SNP, Vitamin A;Thesis
              References/01\_Intro;Thesis References"
}

@ARTICLE{Hausmann2000,
  title    = "A Single {Five-Step} Desaturase Is Involved in the Carotenoid
              Biosynthesis Pathway to $\beta$-Carotene and Torulene in
              Neurospora crassa",
  author   = "Hausmann, Alexander and Sandmann, Gerhard",
  journal  = "Fungal Genet. Biol.",
  volume   =  30,
  number   =  2,
  pages    = "147--153",
  month    =  jul,
  year     =  2000,
  keywords = "carotenoid biosynthesis; expression of the al-1 gene; Neurospora
              crassa; phytoene desaturase;Thesis References/01\_Intro;Thesis
              References"
}

@ARTICLE{Berbee2010,
  title    = "Dating the molecular clock in fungi -- how close are we?",
  author   = "Berbee, Mary L and Taylor, John W",
  journal  = "Fungal Biol. Rev.",
  volume   =  24,
  number   = "1--2",
  pages    = "1--16",
  month    =  feb,
  year     =  2010,
  keywords = "Evolution; Fossil calibration; Fungi; Molecular clock; Phylogeny;
              Phylogeography; Rate variation;Phylogenetics;Thesis
              References/01\_Intro;Thesis References"
}

@ARTICLE{Vicente2003,
  title       = "Microbial natural products as a source of antifungals",
  author      = "Vicente, M F and Basilio, A and Cabello, A and Pel\'{a}ez, F",
  affiliation = "Centro de Investigac\'{\i}on B\'{a}sica, Merck Research
                 Laboratories, Merck, Sharp and Dohme Espa\~{n}a, S. A. Josefa
                 Valc\'{a}rcel 38, 28027 Madrid, Spain.
                 Francisca\_vicente@merck.com",
  journal     = "Clin. Microbiol. Infect.",
  volume      =  9,
  number      =  1,
  pages       = "15--32",
  month       =  jan,
  year        =  2003,
  keywords    = "Inhibition;Thesis References/01\_Intro;Thesis References"
}

@ARTICLE{Joneson2011,
  title     = "Genomic Transition to Pathogenicity in Chytrid Fungi",
  author    = "Joneson, Suzanne and Stajich, Jason E and Shiu, Shin-Han and
               Rosenblum, Erica Bree",
  editor    = "Cowen, Leah E",
  journal   = "PLoS Pathog.",
  publisher = "Public Library of Science",
  volume    =  7,
  number    =  11,
  pages     = "e1002338",
  month     =  nov,
  year      =  2011,
  keywords  = "Biology; Comparative genomics; Emerging infectious diseases;
               Evolutionary Biology; Fungi; Genetics and Genomics; Genome
               sequencing; Genomics; Microbiology; Mycology; Research
               Article;Fungi;Fungi/Chytrids;Jason;Fungi/Chytrids/Hp;REU Review
               papers;Inhibition;Ahrendt Inhibition Paper;Thesis
               References/03\_Inhibition;Thesis References/01\_Intro;Thesis
               References"
}

@ARTICLE{Idnurm2010,
  title     = "A glimpse into the basis of vision in the kingdom Mycota",
  author    = "Idnurm, Alexander and Verma, Surbhi and Corrochano, Luis M",
  journal   = "Fungal Genet. Biol.",
  publisher = "Elsevier Inc.",
  volume    =  47,
  number    =  11,
  pages     = "881--892",
  month     =  nov,
  year      =  2010,
  keywords  = "Environment Sensing/Light Sensing/Rhodopsin;Environment
               Sensing/Light Sensing;Thesis References/01\_Intro;Thesis
               References"
}

@ARTICLE{Corrochano2007,
  title    = "Fungal photoreceptors: sensory molecules for fungal development
              and behaviour",
  author   = "Corrochano, Luis M",
  journal  = "Photochem. Photobiol. Sci.",
  volume   =  6,
  number   =  7,
  pages    = "725--736",
  month    =  jul,
  year     =  2007,
  keywords = "Aspergillus nidulans; Aspergillus nidulans: metabolism;
              Aspergillus nidulans: radiation effects; Fungal Proteins; Fungal
              Proteins: metabolism; Light; Neurospora; Neurospora: metabolism;
              Neurospora: radiation effects; Photoreceptors, Microbial;
              Photoreceptors, Microbial: physiology;Environment Sensing/Light
              Sensing;Environment Sensing/Light Sensing/Rhodopsin;Thesis
              References/01\_Intro;Thesis References"
}

@ARTICLE{Smith2010,
  title    = "Structure and activation of the visual pigment rhodopsin",
  author   = "Smith, Steven O",
  journal  = "Annu. Rev. Biophys.",
  volume   =  39,
  pages    = "309--328",
  month    =  jun,
  year     =  2010,
  keywords = "Animals; Humans; Retinaldehyde; Retinaldehyde: metabolism;
              Rhodopsin; Rhodopsin: chemistry; Rhodopsin: metabolism; Signal
              Transduction;Ahrendt Chytropsin Paper;Environment Sensing/Light
              Sensing/Rhodopsin;Thesis References/01\_Intro;Thesis References"
}

@ARTICLE{White2006,
  title    = "Phylogeny of the Zygomycota based on nuclear ribosomal sequence
              data",
  author   = "White, Merlin M and James, Timothy Y and O'Donnell, Kerry and
              Cafaro, Mat\'{\i}as J and Tanabe, Yuuhiko and Sugiyama, Junta and
              Carolina, North and Donnell, Kerry O",
  journal  = "Mycologia",
  volume   =  98,
  number   =  6,
  pages    = "872--884",
  year     =  2006,
  keywords = "18S; 18S: genetics; 28S; 28S: genetics; 5.8S; 5.8S: genetics;
              asellariales; basal lineages; chytridio-; DNA; Ecology; Electron;
              Fungal; Fungal: genetics; fungi; Fungi: classification; Fungi:
              cytology; Fungi: genetics; Fungi: ultrastructure; Microscopy;
              molecular systematics; mycota; Nucleic Acid; opisthokont;
              Phylogeny; Ribosomal; Ribosomal: genetics; RNA; Scanning;
              Sequence Homology;Fungi;Thesis References/01\_Intro;Thesis
              References"
}

@ARTICLE{Saranak1997,
  title    = "Rhodopsin guides fungal phototaxis",
  author   = "Saranak, Jureepan and Foster, Kenneth W",
  journal  = "Nature",
  volume   =  387,
  number   =  6632,
  pages    = "465--466",
  month    =  may,
  year     =  1997,
  keywords = "Chytridiomycota; Chytridiomycota: drug effects; Chytridiomycota:
              physiology; Chytridiomycota: radiation effects; Light; Movement;
              Photoreceptor Cells; Photoreceptor Cells: physiology;
              Pyridazines; Pyridazines: pharmacology; Retinaldehyde;
              Retinaldehyde: analogs \& derivatives; Rhodopsin; Rhodopsin:
              physiology;Fungi/Chytrids;Environment Sensing;Environment
              Sensing/Light Sensing/Rhodopsin;Fungi;Thesis
              References/01\_Intro;Thesis References"
}

@ARTICLE{Hibbett2007,
  title    = "A higher-level phylogenetic classification of the Fungi",
  author   = "Hibbett, David S and Binder, Manfred and Bischoff, Joseph F and
              Blackwell, Meredith and Cannon, Paul F and Eriksson, Ove E and
              Huhndorf, Sabine and James, Timothy Y and Kirk, Paul M and
              L{\"{u}}cking, Robert and Lumbsch, H Thorsten and Lutzoni,
              Fran\c{c}ois and Matheny, P Brandon and McLaughlin, David J and
              Powell, Martha J and Redhead, Scott and Schoch, Conrad L and
              Spatafora, Joseph W and Stalpers, Joost A and Vilgalys, Rytas and
              Aime, M Catherine and Aptroot, Andr\'{e} and Bauer, Robert and
              Begerow, Dominik and Benny, Gerald L and Castlebury, Lisa A and
              Crous, Pedro W and Dai, Yu-Cheng and Gams, Walter and Geiser,
              David M and Griffith, Gareth W and Gueidan, C\'{e}cile and
              Hawksworth, David L and Hestmark, Geir and Hosaka, Kentaro and
              Humber, Richard A and Hyde, Kevin D and Ironside, Joseph E and
              K\~{o}ljalg, Urmas and Kurtzman, Cletus P and Larsson,
              Karl-Henrik and Lichtwardt, Robert and Longcore, Joyce E and
              Mi\k{a}dlikowska, Jolanta and Miller, Andrew and Moncalvo,
              Jean-Marc and Mozley-Standridge, Sharon E and Oberwinkler, Franz
              and Parmasto, Erast and Reeb, Val\'{e}rie and Rogers, Jack D and
              Roux, Claude and Ryvarden, Leif and Sampaio, Jos\'{e} Paulo and
              Sch{\"{u}}\ss{}ler, Arthur and Sugiyama, Junta and Thorn, R Greg
              and Tibell, Leif and Untereiner, Wendy A and Walker, Christopher
              and Wang, Zheng and Weir, Alex and Weiss, Michael and White,
              Merlin M and Winka, Katarina and Yao, Yi-Jian and Zhang, Ning",
  journal  = "Mycol. Res.",
  volume   =  111,
  number   = "Pt 5",
  pages    = "509--547",
  month    =  may,
  year     =  2007,
  keywords = "AFTOL; Eumycota; Lichens; Molecular phylogenetics; Mycota;
              Neocallimastigomycota; Nomenclature;
              Systematics;Fungi;Fungi/Chytrids;Jason;Thesis
              References/01\_Intro;Thesis References"
}

@ARTICLE{Ballario1997,
  title    = "White collar proteins: {PASsing} the light signal in Neurospora
              crassa",
  author   = "Ballario, P and Macino, G",
  journal  = "Trends Microbiol.",
  volume   =  5,
  number   =  11,
  pages    = "458--462",
  month    =  nov,
  year     =  1997,
  keywords = "Circadian Rhythm; DNA-Binding Proteins; DNA-Binding Proteins:
              genetics; DNA-Binding Proteins: metabolism; DNA-Binding Proteins:
              radiation effects; Fungal Proteins; Fungal Proteins: genetics;
              Fungal Proteins: metabolism; Fungal Proteins: radiation effects;
              Genes, Fungal; Light; Mutation; Neurospora crassa; Neurospora
              crassa: genetics; Neurospora crassa: metabolism; Neurospora
              crassa: radiation effects; Photobiology; Signal Transduction;
              Signal Transduction: radiation effects; Transcription Factors;
              Transcription Factors: genetics; Transcription Factors:
              metabolism; Transcription Factors: radiation effects;Environment
              Sensing/Light Sensing;Thesis References/01\_Intro;Thesis
              References"
}

@ARTICLE{Stajich2009,
  title    = "The fungi",
  author   = "Stajich, Jason E and Berbee, Mary L and Blackwell, Meredith and
              Hibbett, David S and James, Timothy Y and Spatafora, Joseph W and
              Taylor, John W",
  journal  = "Curr. Biol.",
  volume   =  19,
  number   =  18,
  pages    = "R840--5",
  month    =  sep,
  year     =  2009,
  keywords = "Fungal; Fungi; Fungi: cytology; Fungi: genetics; Fungi:
              physiology; Genome; Haploidy; Phylogeny; Species
              Specificity;Fungi;Jason;REU Review papers;Thesis
              References/01\_Intro;Thesis References"
}

@ARTICLE{Purschwitz2006,
  title    = "Seeing the rainbow: light sensing in fungi",
  author   = "Purschwitz, Janina and M{\"{u}}ller, Sylvia and Kastner,
              Christian and Fischer, Reinhard",
  journal  = "Curr. Opin. Microbiol.",
  volume   =  9,
  number   =  6,
  pages    = "566--571",
  month    =  dec,
  year     =  2006,
  keywords = "Fungi; Fungi: genetics; Fungi: growth \& development; Fungi:
              metabolism; Fungi: physiology; Gene Expression Regulation,
              Fungal; Photoreceptor Cells; Photoreceptor Cells: metabolism;
              Photoreceptor Cells: physiology; Phytochrome; Phytochrome:
              genetics; Phytochrome: metabolism; Rod Opsins; Rod Opsins:
              metabolism;Environment Sensing/Light Sensing;Thesis
              References/01\_Intro;Thesis References"
}

@ARTICLE{Rockwell2006,
  title    = "Phytochrome structure and signaling mechanisms",
  author   = "Rockwell, Nathan C and Su, Yi-Shin and Lagarias, J Clark",
  journal  = "Annu. Rev. Plant Biol.",
  volume   =  57,
  pages    = "837--858",
  month    =  jan,
  year     =  2006,
  keywords = "Models; Molecular; Phytochrome; Phytochrome: chemistry;
              Phytochrome: metabolism; Protein Conformation; Signal
              Transduction;Environment Sensing/Light Sensing;Thesis
              References/01\_Intro;Thesis References"
}

@ARTICLE{Muehlstein1987,
  title    = "Phototaxis in the Marine Fungus Rhizophydium littoreum",
  author   = "Muehlstein, Lisa K and Amon, James P and Leffler, Deborah L",
  journal  = "Appl. Environ. Microbiol.",
  volume   =  53,
  number   =  7,
  pages    = "1668--1672",
  month    =  jul,
  year     =  1987,
  keywords = "Environment Sensing;Environment Sensing/Light Sensing;Thesis
              References/01\_Intro;Thesis References"
}

@ARTICLE{Powell1993-nl,
  title    = "Looking at Mycology with a Janus Face: A Glimpse at
              Chytridiomycetes Active in the Environment",
  author   = "Powell, Martha J",
  journal  = "Mycologia",
  volume   =  85,
  number   =  1,
  pages    = "1--20",
  year     =  1993,
  keywords = "Fungi/Chytrids;Fungi;Thesis References;Thesis
              References/01\_Intro"
}

@ARTICLE{Longcore1999,
  title    = "Batrachochytrium dendrobatidis gen. et sp. nov., a chytrid
              pathogenic to amphibians",
  author   = "Longcore, Joyce E and Pessier, Allan P and Nichols, Donald K",
  journal  = "Mycologia",
  volume   =  91,
  number   =  2,
  pages    = "219--227",
  year     =  1999,
  keywords = "Chytridiales; chytridiomycosis; Chytridiomycota; frogs; fungus;
              ultrastructure;
              zoospore;Fungi/Chytrids;Fungi;Fungi/Chytrids/Bd;Ahrendt
              Inhibition Paper;Thesis References/01\_Intro;Thesis References"
}

