% Generated by Paperpile. Check out http://paperpile.com for more information.
% BibTeX export options can be customized via Settings -> BibTeX.

@ARTICLE{DosSantos2015,
  title       = "{FlyBase}: introduction of the \textit{Drosophila
                 melanogaster} Release 6 reference genome assembly and
                 large-scale migration of genome annotations",
  author      = "dos Santos, Gilberto and Schroeder, Andrew J and Goodman,
                 Joshua L and Strelets, Victor B and Crosby, Madeline A and
                 Thurmond, Jim and Emmert, David B and Gelbart, William M and
                 {FlyBase Consortium}",
  affiliation = "The Biological Laboratories, Harvard University, 16 Divinity
                 Avenue, Cambridge, MA 02138, USA dossantos@morgan.harvard.edu.
                 The Biological Laboratories, Harvard University, 16 Divinity
                 Avenue, Cambridge, MA 02138, USA. Department of Biology,
                 Indiana University, Bloomington, IN 47405, USA. Department of
                 Biology, Indiana University, Bloomington, IN 47405, USA. The
                 Biological Laboratories, Harvard University, 16 Divinity
                 Avenue, Cambridge, MA 02138, USA. Department of Biology,
                 Indiana University, Bloomington, IN 47405, USA. The Biological
                 Laboratories, Harvard University, 16 Divinity Avenue,
                 Cambridge, MA 02138, USA. The Biological Laboratories, Harvard
                 University, 16 Divinity Avenue, Cambridge, MA 02138, USA.",
  journal     = "Nucleic Acids Res.",
  volume      =  43,
  number      = "Database issue",
  pages       = "D690--7",
  month       =  jan,
  year        =  2015,
  keywords    = "Thesis References/10\_Appendix;Thesis References"
}

@ARTICLE{Dujon2004,
  title       = "Genome evolution in yeasts",
  author      = "Dujon, Bernard and Sherman, David and Fischer, Gilles and
                 Durrens, Pascal and Casaregola, Serge and Lafontaine, Ingrid
                 and De Montigny, Jacky and Marck, Christian and
                 Neuv\'{e}glise, C\'{e}cile and Talla, Emmanuel and Goffard,
                 Nicolas and Frangeul, Lionel and Aigle, Michel and Anthouard,
                 V\'{e}ronique and Babour, Anna and Barbe, Val\'{e}rie and
                 Barnay, St\'{e}phanie and Blanchin, Sylvie and Beckerich,
                 Jean-Marie and Beyne, Emmanuelle and Bleykasten, Claudine and
                 Boisram\'{e}, Anita and Boyer, Jeanne and Cattolico, Laurence
                 and Confanioleri, Fabrice and De Daruvar, Antoine and Despons,
                 Laurence and Fabre, Emmanuelle and Fairhead, C\'{e}cile and
                 Ferry-Dumazet, H\'{e}l\`{e}ne and Groppi, Alexis and Hantraye,
                 Florence and Hennequin, Christophe and Jauniaux, Nicolas and
                 Joyet, Philippe and Kachouri, Rym and Kerrest, Alix and
                 Koszul, Romain and Lemaire, Marc and Lesur, Isabelle and Ma,
                 Laurence and Muller, H\'{e}lo{\"{\i}}se and Nicaud, Jean-Marc
                 and Nikolski, Macha and Oztas, Sophie and
                 Ozier-Kalogeropoulos, Odile and Pellenz, Stefan and Potier,
                 Serge and Richard, Guy-Franck and Straub, Marie-Laure and
                 Suleau, Audrey and Swennen, Dominique and Tekaia, Fredj and
                 W\'{e}solowski-Louvel, Micheline and Westhof, Eric and Wirth,
                 B\'{e}n\'{e}dicte and Zeniou-Meyer, Maria and Zivanovic, Ivan
                 and Bolotin-Fukuhara, Monique and Thierry, Agn\`{e}s and
                 Bouchier, Christiane and Caudron, Bernard and Scarpelli,
                 Claude and Gaillardin, Claude and Weissenbach, Jean and
                 Wincker, Patrick and Souciet, Jean-Luc",
  affiliation = "Unit\'{e} de G\'{e}n\'{e}tique Mol\'{e}culaire des Levures,
                 URA 2171 CNRS and UFR 927 Universit\'{e} Pierre et Marie
                 Curie. bdujon@pasteur.fr",
  journal     = "Nature",
  volume      =  430,
  number      =  6995,
  pages       = "35--44",
  month       =  "1~" # jul,
  year        =  2004,
  keywords    = "Thesis References/10\_Appendix;Thesis References"
}

@ARTICLE{Padamsee2012,
  title       = "The genome of the xerotolerant mold \textit{Wallemia sebi}
                 reveals adaptations to osmotic stress and suggests cryptic
                 sexual reproduction",
  author      = "Padamsee, Mahajabeen and Kumar, T K Arun and Riley, Robert and
                 Binder, Manfred and Boyd, Alex and Calvo, Ana M and Furukawa,
                 Kentaro and Hesse, Cedar and Hohmann, Stefan and James, Tim Y
                 and LaButti, Kurt and Lapidus, Alla and Lindquist, Erika and
                 Lucas, Susan and Miller, Kari and Shantappa, Sourabha and
                 Grigoriev, Igor V and Hibbett, David S and McLaughlin, David J
                 and Spatafora, Joseph W and Aime, M Catherine",
  affiliation = "Department of Plant Pathology and Crop Physiology, Louisiana
                 State University Agricultural Center, Baton Rouge, LA 70803,
                 United States.",
  journal     = "Fungal Genet. Biol.",
  volume      =  49,
  number      =  3,
  pages       = "217--226",
  month       =  mar,
  year        =  2012,
  keywords    = "Thesis References/10\_Appendix;Thesis References"
}

@ARTICLE{Kamper2006,
  title       = "Insights from the genome of the biotrophic fungal plant
                 pathogen \textit{Ustilago maydis}",
  author      = "K{\"{a}}mper, J{\"{o}}rg and Kahmann, Regine and B{\"{o}}lker,
                 Michael and Ma, Li-Jun and Brefort, Thomas and Saville, Barry
                 J and Banuett, Flora and Kronstad, James W and Gold, Scott E
                 and M{\"{u}}ller, Olaf and Perlin, Michael H and W{\"{o}}sten,
                 Han A B and de Vries, Ronald and Ruiz-Herrera, Jos\'{e} and
                 Reynaga-Pe\~{n}a, Cristina G and Snetselaar, Karen and McCann,
                 Michael and P\'{e}rez-Mart\'{\i}n, Jos\'{e} and
                 Feldbr{\"{u}}gge, Michael and Basse, Christoph W and
                 Steinberg, Gero and Ibeas, Jose I and Holloman, William and
                 Guzman, Plinio and Farman, Mark and Stajich, Jason E and
                 Sentandreu, Rafael and Gonz\'{a}lez-Prieto, Juan M and
                 Kennell, John C and Molina, Lazaro and Schirawski, Jan and
                 Mendoza-Mendoza, Artemio and Greilinger, Doris and
                 M{\"{u}}nch, Karin and R{\"{o}}ssel, Nicole and Scherer, Mario
                 and Vranes, Miroslav and Ladendorf, Oliver and Vincon, Volker
                 and Fuchs, Uta and Sandrock, Bj{\"{o}}rn and Meng, Shaowu and
                 Ho, Eric C H and Cahill, Matt J and Boyce, Kylie J and Klose,
                 Jana and Klosterman, Steven J and Deelstra, Heine J and
                 Ortiz-Castellanos, Lucila and Li, Weixi and Sanchez-Alonso,
                 Patricia and Schreier, Peter H and H{\"{a}}user-Hahn, Isolde
                 and Vaupel, Martin and Koopmann, Edda and Friedrich, Gabi and
                 Voss, Hartmut and Schl{\"{u}}ter, Thomas and Margolis,
                 Jonathan and Platt, Darren and Swimmer, Candace and Gnirke,
                 Andreas and Chen, Feng and Vysotskaia, Valentina and
                 Mannhaupt, Gertrud and G{\"{u}}ldener, Ulrich and
                 M{\"{u}}nsterk{\"{o}}tter, Martin and Haase, Dirk and
                 Oesterheld, Matthias and Mewes, Hans-Werner and Mauceli, Evan
                 W and DeCaprio, David and Wade, Claire M and Butler, Jonathan
                 and Young, Sarah and Jaffe, David B and Calvo, Sarah and
                 Nusbaum, Chad and Galagan, James and Birren, Bruce W",
  affiliation = "Department of Organismic Interactions, Max Planck Institute
                 for Terrestrial Microbiology, Karl-von-Frisch Strasse, D-35043
                 Marburg, Germany. kahmann@mpi-marburg.mpg.de",
  journal     = "Nature",
  volume      =  444,
  number      =  7115,
  pages       = "97--101",
  month       =  "2~" # nov,
  year        =  2006,
  keywords    = "Thesis References/10\_Appendix;Thesis References"
}

@ARTICLE{Armbrust2004,
  title       = "The genome of the diatom \textit{Thalassiosira pseudonana}:
                 ecology, evolution, and metabolism",
  author      = "Armbrust, E Virginia and Berges, John A and Bowler, Chris and
                 Green, Beverley R and Martinez, Diego and Putnam, Nicholas H
                 and Zhou, Shiguo and Allen, Andrew E and Apt, Kirk E and
                 Bechner, Michael and Brzezinski, Mark A and Chaal, Balbir K
                 and Chiovitti, Anthony and Davis, Aubrey K and Demarest, Mark
                 S and Detter, J Chris and Glavina, Tijana and Goodstein, David
                 and Hadi, Masood Z and Hellsten, Uffe and Hildebrand, Mark and
                 Jenkins, Bethany D and Jurka, Jerzy and Kapitonov, Vladimir V
                 and Kr{\"{o}}ger, Nils and Lau, Winnie W Y and Lane, Todd W
                 and Larimer, Frank W and Lippmeier, J Casey and Lucas, Susan
                 and Medina, M\'{o}nica and Montsant, Anton and Obornik,
                 Miroslav and Parker, Micaela Schnitzler and Palenik, Brian and
                 Pazour, Gregory J and Richardson, Paul M and Rynearson,
                 Tatiana A and Saito, Mak A and Schwartz, David C and
                 Thamatrakoln, Kimberlee and Valentin, Klaus and Vardi, Assaf
                 and Wilkerson, Frances P and Rokhsar, Daniel S",
  affiliation = "School of Oceanography, University of Washington, Seattle, WA
                 98195, USA. armbrust@ocean.washington.edu",
  journal     = "Science",
  volume      =  306,
  number      =  5693,
  pages       = "79--86",
  month       =  "1~" # oct,
  year        =  2004,
  keywords    = "Thesis References/10\_Appendix;Thesis References"
}

@ARTICLE{Kissinger2003,
  title       = "{ToxoDB}: accessing the \textit{Toxoplasma gondii} genome",
  author      = "Kissinger, Jessica C and Gajria, Bindu and Li, Li and Paulsen,
                 Ian T and Roos, David S",
  affiliation = "Department of Genetics/Center for Tropical and Emerging Global
                 Diseases, University of Georgia, Athens, GA 30602-2606, USA.",
  journal     = "Nucleic Acids Res.",
  volume      =  31,
  number      =  1,
  pages       = "234--236",
  month       =  "1~" # jan,
  year        =  2003,
  keywords    = "Thesis References/10\_Appendix;Thesis References"
}

@ARTICLE{Wood2002,
  title       = "The genome sequence of \textit{Schizosaccharomyces pombe}",
  author      = "Wood, V and Gwilliam, R and Rajandream, M-A and Lyne, M and
                 Lyne, R and Stewart, A and Sgouros, J and Peat, N and Hayles,
                 J and Baker, S and Basham, D and Bowman, S and Brooks, K and
                 Brown, D and Brown, S and Chillingworth, T and Churcher, C and
                 Collins, M and Connor, R and Cronin, A and Davis, P and
                 Feltwell, T and Fraser, A and Gentles, S and Goble, A and
                 Hamlin, N and Harris, D and Hidalgo, J and Hodgson, G and
                 Holroyd, S and Hornsby, T and Howarth, S and Huckle, E J and
                 Hunt, S and Jagels, K and James, K and Jones, L and Jones, M
                 and Leather, S and McDonald, S and McLean, J and Mooney, P and
                 Moule, S and Mungall, K and Murphy, L and Niblett, D and
                 Odell, C and Oliver, K and O'Neil, S and Pearson, D and Quail,
                 M A and Rabbinowitsch, E and Rutherford, K and Rutter, S and
                 Saunders, D and Seeger, K and Sharp, S and Skelton, J and
                 Simmonds, M and Squares, R and Squares, S and Stevens, K and
                 Taylor, K and Taylor, R G and Tivey, A and Walsh, S and
                 Warren, T and Whitehead, S and Woodward, J and Volckaert, G
                 and Aert, R and Robben, J and Grymonprez, B and Weltjens, I
                 and Vanstreels, E and Rieger, M and Sch{\"{a}}fer, M and
                 M{\"{u}}ller-Auer, S and Gabel, C and Fuchs, M and
                 D{\"{u}}sterh{\"{o}}ft, A and Fritzc, C and Holzer, E and
                 Moestl, D and Hilbert, H and Borzym, K and Langer, I and Beck,
                 A and Lehrach, H and Reinhardt, R and Pohl, T M and Eger, P
                 and Zimmermann, W and Wedler, H and Wambutt, R and Purnelle, B
                 and Goffeau, A and Cadieu, E and Dr\'{e}ano, S and Gloux, S
                 and Lelaure, V and Mottier, S and Galibert, F and Aves, S J
                 and Xiang, Z and Hunt, C and Moore, K and Hurst, S M and
                 Lucas, M and Rochet, M and Gaillardin, C and Tallada, V A and
                 Garzon, A and Thode, G and Daga, R R and Cruzado, L and
                 Jimenez, J and S\'{a}nchez, M and del Rey, F and Benito, J and
                 Dom\'{\i}nguez, A and Revuelta, J L and Moreno, S and
                 Armstrong, J and Forsburg, S L and Cerutti, L and Lowe, T and
                 McCombie, W R and Paulsen, I and Potashkin, J and Shpakovski,
                 G V and Ussery, D and Barrell, B G and Nurse, P and Cerrutti,
                 L",
  affiliation = "The Wellcome Trust Sanger Institute, The Wellcome Trust Genome
                 Campus, Hinxton, Cambridge, UK.",
  journal     = "Nature",
  volume      =  415,
  number      =  6874,
  pages       = "871--880",
  month       =  "21~" # feb,
  year        =  2002,
  keywords    = "Thesis References/10\_Appendix;Thesis References"
}

@ARTICLE{Ma2009,
  title       = "Genomic analysis of the basal lineage fungus \textit{Rhizopus
                 oryzae} reveals a whole-genome duplication",
  author      = "Ma, Li-Jun and Ibrahim, Ashraf S and Skory, Christopher and
                 Grabherr, Manfred G and Burger, Gertraud and Butler, Margi and
                 Elias, Marek and Idnurm, Alexander and Lang, B Franz and Sone,
                 Teruo and Abe, Ayumi and Calvo, Sarah E and Corrochano, Luis M
                 and Engels, Reinhard and Fu, Jianmin and Hansberg, Wilhelm and
                 Kim, Jung-Mi and Kodira, Chinnappa D and Koehrsen, Michael J
                 and Liu, Bo and Miranda-Saavedra, Diego and O'Leary, Sinead
                 and Ortiz-Castellanos, Lucila and Poulter, Russell and
                 Rodriguez-Romero, Julio and Ruiz-Herrera, Jos\'{e} and Shen,
                 Yao-Qing and Zeng, Qiandong and Galagan, James and Birren,
                 Bruce W and Cuomo, Christina A and Wickes, Brian L",
  affiliation = "The Broad Institute of MIT and Harvard, Cambridge, MA, USA.
                 lijun@broad.mit.edu",
  journal     = "PLoS Genet.",
  volume      =  5,
  number      =  7,
  pages       = "e1000549",
  month       =  jul,
  year        =  2009,
  keywords    = "Thesis References/10\_Appendix;Thesis References"
}

@ARTICLE{Lee2014,
  title       = "Analysis of a food-borne fungal pathogen outbreak: virulence
                 and genome of a \textit{Mucor circinelloides} isolate from
                 yogurt",
  author      = "Lee, Soo Chan and Billmyre, R Blake and Li, Alicia and Carson,
                 Sandra and Sykes, Sean M and Huh, Eun Young and Mieczkowski,
                 Piotr and Ko, Dennis C and Cuomo, Christina A and Heitman,
                 Joseph",
  affiliation = "Department of Molecular Genetics and Microbiology, Duke
                 University Medical Center, Durham, North Carolina, USA
                 heitm001@duke.edu soochan.lee@duke.edu. Department of
                 Molecular Genetics and Microbiology, Duke University Medical
                 Center, Durham, North Carolina, USA. Department of Molecular
                 Genetics and Microbiology, Duke University Medical Center,
                 Durham, North Carolina, USA. Dental Department, Corpus Christi
                 State Supported Living Center, Corpus Christi, Texas, USA.
                 Broad Institute of MIT and Harvard, Cambridge, Massachusetts,
                 USA. Division of Gastroenterology and Hepatology, Center for
                 Gastrointestinal Biology and Disease, University of North
                 Carolina at Chapel Hill, North Carolina, USA. Department of
                 Genetics, School of Medicine, University of North Carolina,
                 Chapel Hill, North Carolina, USA. Broad Institute of MIT and
                 Harvard, Cambridge, Massachusetts, USA. Department of
                 Molecular Genetics and Microbiology, Duke University Medical
                 Center, Durham, North Carolina, USA heitm001@duke.edu
                 soochan.lee@duke.edu.",
  journal     = "MBio",
  volume      =  5,
  number      =  4,
  pages       = "e01390--14",
  month       =  "8~" # jul,
  year        =  2014,
  keywords    = "Thesis References/10\_Appendix;Thesis References"
}

@ARTICLE{Levesque2010,
  title    = "Genome sequence of the necrotrophic plant pathogen
              \textit{Pythium ultimum} reveals original pathogenicity
              mechanisms and effector repertoire",
  author   = "Levesque, C Andre and Brouwer, Henk and Cano, Liliana and
              Hamilton, John and Holt, Carson and Huitema, Edgar and Raffaele,
              Sylvain and Robideau, Gregg and Thines, Marco and Win, Joe and
              Zerillo, Marcelo and Beakes, Gordon and Boore, Jeffrey and Busam,
              Dana and Dumas, Bernard and Ferriera, Steve and Fuerstenberg,
              Susan and Gachon, Claire and Gaulin, Elodie and Govers, Francine
              and Grenville-Briggs, Laura and Horner, Neil and Hostetler,
              Jessica and Jiang, Rays and Johnson, Justin and Krajaejun,
              Theerapong and Lin, Haining and Meijer, Harold and Moore, Barry
              and Morris, Paul",
  journal  = "Genome Biol.",
  volume   =  11,
  number   =  7,
  pages    = "R73",
  year     =  2010,
  keywords = "Thesis References/10\_Appendix;Thesis References"
}

@ARTICLE{Tyler2006,
  title       = "\textit{Phytophthora} genome sequences uncover evolutionary
                 origins and mechanisms of pathogenesis",
  author      = "Tyler, Brett M and Tripathy, Sucheta and Zhang, Xuemin and
                 Dehal, Paramvir and Jiang, Rays H Y and Aerts, Andrea and
                 Arredondo, Felipe D and Baxter, Laura and Bensasson, Douda and
                 Beynon, Jim L and Chapman, Jarrod and Damasceno, Cynthia M B
                 and Dorrance, Anne E and Dou, Daolong and Dickerman, Allan W
                 and Dubchak, Inna L and Garbelotto, Matteo and Gijzen, Mark
                 and Gordon, Stuart G and Govers, Francine and Grunwald,
                 Niklaus J and Huang, Wayne and Ivors, Kelly L and Jones,
                 Richard W and Kamoun, Sophien and Krampis, Konstantinos and
                 Lamour, Kurt H and Lee, Mi-Kyung and McDonald, W Hayes and
                 Medina, M\'{o}nica and Meijer, Harold J G and Nordberg, Eric K
                 and Maclean, Donald J and Ospina-Giraldo, Manuel D and Morris,
                 Paul F and Phuntumart, Vipaporn and Putnam, Nicholas H and
                 Rash, Sam and Rose, Jocelyn K C and Sakihama, Yasuko and
                 Salamov, Asaf A and Savidor, Alon and Scheuring, Chantel F and
                 Smith, Brian M and Sobral, Bruno W S and Terry, Astrid and
                 Torto-Alalibo, Trudy A and Win, Joe and Xu, Zhanyou and Zhang,
                 Hongbin and Grigoriev, Igor V and Rokhsar, Daniel S and Boore,
                 Jeffrey L",
  affiliation = "Virginia Bioinformatics Institute, Virginia Polytechnic
                 Institute and State University, Blacksburg, VA 24061, USA.
                 bmtyler@vt.edu",
  journal     = "Science",
  volume      =  313,
  number      =  5791,
  pages       = "1261--1266",
  month       =  "1~" # sep,
  year        =  2006,
  keywords    = "Thesis References/10\_Appendix;Thesis References"
}

@ARTICLE{Falb2005,
  title       = "Living with two extremes: conclusions from the genome sequence
                 of \textit{Natronomonas pharaonis}",
  author      = "Falb, Michaela and Pfeiffer, Friedhelm and Palm, Peter and
                 Rodewald, Karin and Hickmann, Volker and Tittor, J{\"{o}}rg
                 and Oesterhelt, Dieter",
  affiliation = "Max-Planck-Institute of Biochemistry, Department of Membrane
                 Biochemistry, D-82152 Martinsried, Germany.",
  journal     = "Genome Res.",
  volume      =  15,
  number      =  10,
  pages       = "1336--1343",
  month       =  oct,
  year        =  2005,
  keywords    = "Thesis References/10\_Appendix;Thesis References"
}

@ARTICLE{Cuomo2012,
  title       = "Microsporidian genome analysis reveals evolutionary strategies
                 for obligate intracellular growth",
  author      = "Cuomo, Christina A and Desjardins, Christopher A and Bakowski,
                 Malina A and Goldberg, Jonathan and Ma, Amy T and Becnel,
                 James J and Didier, Elizabeth S and Fan, Lin and Heiman, David
                 I and Levin, Joshua Z and Young, Sarah and Zeng, Qiandong and
                 Troemel, Emily R",
  affiliation = "The Broad Institute of MIT and Harvard, Cambridge,
                 Massachusetts 02142, USA. cuomo@broadinstitute.org",
  journal     = "Genome Res.",
  volume      =  22,
  number      =  12,
  pages       = "2478--2488",
  month       =  dec,
  year        =  2012,
  keywords    = "Thesis References/10\_Appendix;Thesis References"
}

@ARTICLE{Cornman2009,
  title       = "Genomic analyses of the microsporidian \textit{Nosema
                 ceranae}, an emergent pathogen of honey bees",
  author      = "Cornman, R Scott and Chen, Yan Ping and Schatz, Michael C and
                 Street, Craig and Zhao, Yan and Desany, Brian and Egholm,
                 Michael and Hutchison, Stephen and Pettis, Jeffery S and
                 Lipkin, W Ian and Evans, Jay D",
  affiliation = "USDA-ARS Bee Research Lab, Beltsville, Maryland, United States
                 of America.",
  journal     = "PLoS Pathog.",
  volume      =  5,
  number      =  6,
  pages       = "e1000466",
  month       =  jun,
  year        =  2009,
  keywords    = "Thesis References/10\_Appendix;Thesis References"
}

@ARTICLE{Chapman2010,
  title       = "The dynamic genome of \textit{Hydra}",
  author      = "Chapman, Jarrod A and Kirkness, Ewen F and Simakov, Oleg and
                 Hampson, Steven E and Mitros, Therese and Weinmaier, Thomas
                 and Rattei, Thomas and Balasubramanian, Prakash G and Borman,
                 Jon and Busam, Dana and Disbennett, Kathryn and Pfannkoch,
                 Cynthia and Sumin, Nadezhda and Sutton, Granger G and
                 Viswanathan, Lakshmi Devi and Walenz, Brian and Goodstein,
                 David M and Hellsten, Uffe and Kawashima, Takeshi and
                 Prochnik, Simon E and Putnam, Nicholas H and Shu, Shengquiang
                 and Blumberg, Bruce and Dana, Catherine E and Gee, Lydia and
                 Kibler, Dennis F and Law, Lee and Lindgens, Dirk and Martinez,
                 Daniel E and Peng, Jisong and Wigge, Philip A and Bertulat,
                 Bianca and Guder, Corina and Nakamura, Yukio and Ozbek, Suat
                 and Watanabe, Hiroshi and Khalturin, Konstantin and Hemmrich,
                 Georg and Franke, Andr\'{e} and Augustin, Ren\'{e} and Fraune,
                 Sebastian and Hayakawa, Eisuke and Hayakawa, Shiho and Hirose,
                 Mamiko and Hwang, Jung Shan and Ikeo, Kazuho and
                 Nishimiya-Fujisawa, Chiemi and Ogura, Atshushi and Takahashi,
                 Toshio and Steinmetz, Patrick R H and Zhang, Xiaoming and
                 Aufschnaiter, Roland and Eder, Marie-Kristin and Gorny,
                 Anne-Kathrin and Salvenmoser, Willi and Heimberg, Alysha M and
                 Wheeler, Benjamin M and Peterson, Kevin J and B{\"{o}}ttger,
                 Angelika and Tischler, Patrick and Wolf, Alexander and
                 Gojobori, Takashi and Remington, Karin A and Strausberg,
                 Robert L and Venter, J Craig and Technau, Ulrich and Hobmayer,
                 Bert and Bosch, Thomas C G and Holstein, Thomas W and
                 Fujisawa, Toshitaka and Bode, Hans R and David, Charles N and
                 Rokhsar, Daniel S and Steele, Robert E",
  affiliation = "US Department of Energy Joint Genome Institute, Walnut Creek,
                 California 94598, USA.",
  journal     = "Nature",
  volume      =  464,
  number      =  7288,
  pages       = "592--596",
  month       =  "25~" # mar,
  year        =  2010,
  keywords    = "Thesis References/10\_Appendix;Thesis References"
}

@ARTICLE{Manning2013,
  title       = "Comparative genomics of a plant-pathogenic fungus,
                 \textit{Pyrenophora tritici-repentis}, reveals
                 transduplication and the impact of repeat elements on
                 pathogenicity and population divergence",
  author      = "Manning, Viola A and Pandelova, Iovanna and Dhillon, Braham
                 and Wilhelm, Larry J and Goodwin, Stephen B and Berlin, Aaron
                 M and Figueroa, Melania and Freitag, Michael and Hane, James K
                 and Henrissat, Bernard and Holman, Wade H and Kodira,
                 Chinnappa D and Martin, Joel and Oliver, Richard P and
                 Robbertse, Barbara and Schackwitz, Wendy and Schwartz, David C
                 and Spatafora, Joseph W and Turgeon, B Gillian and Yandava,
                 Chandri and Young, Sarah and Zhou, Shiguo and Zeng, Qiandong
                 and Grigoriev, Igor V and Ma, Li-Jun and Ciuffetti, Lynda M",
  affiliation = "Department of Botany and Plant Pathology, Oregon State
                 University, Corvallis, Oregon 97331-8530, USA.",
  journal     = "G3",
  volume      =  3,
  number      =  1,
  pages       = "41--63",
  month       =  jan,
  year        =  2013,
  keywords    = "ToxA; ToxB; anastomosis; copy number variation; histone H3
                 transduplication; wheat (Triticum aestivum);Thesis
                 References/10\_Appendix;Thesis References"
}

@ARTICLE{Tisserant2013,
  title       = "Genome of an arbuscular mycorrhizal fungus provides insight
                 into the oldest plant symbiosis",
  author      = "Tisserant, Emilie and Malbreil, Mathilde and Kuo, Alan and
                 Kohler, Annegret and Symeonidi, Aikaterini and Balestrini,
                 Raffaella and Charron, Philippe and Duensing, Nina and Frei
                 dit Frey, Nicolas and Gianinazzi-Pearson, Vivienne and
                 Gilbert, Luz B and Handa, Yoshihiro and Herr, Joshua R and
                 Hijri, Mohamed and Koul, Raman and Kawaguchi, Masayoshi and
                 Krajinski, Franziska and Lammers, Peter J and Masclaux,
                 Frederic G and Murat, Claude and Morin, Emmanuelle and
                 Ndikumana, Steve and Pagni, Marco and Petitpierre, Denis and
                 Requena, Natalia and Rosikiewicz, Pawel and Riley, Rohan and
                 Saito, Katsuharu and San Clemente, H\'{e}l\`{e}ne and Shapiro,
                 Harris and van Tuinen, Diederik and B\'{e}card, Guillaume and
                 Bonfante, Paola and Paszkowski, Uta and Shachar-Hill, Yair Y
                 and Tuskan, Gerald A and Young, J Peter W and Young, Peter W
                 and Sanders, Ian R and Henrissat, Bernard and Rensing, Stefan
                 A and Grigoriev, Igor V and Corradi, Nicolas and Roux,
                 Christophe and Martin, Francis",
  affiliation = "Institut National de la Recherche Agronomique, Unit\'{e} Mixte
                 de Recherche 1136, Interactions Arbres/Microorganismes, Centre
                 de Nancy, Universit\'{e} de Lorraine, 54280 Champenoux,
                 France.",
  journal     = "Proc. Natl. Acad. Sci. U. S. A.",
  volume      =  110,
  number      =  50,
  pages       = "20117--20122",
  month       =  "10~" # dec,
  year        =  2013,
  keywords    = "carbohydrate-active enzymes; effector; fungal evolution;
                 glomales; mutualism;Thesis References/10\_Appendix;Thesis
                 References"
}

@ARTICLE{Gao2011,
  title       = "Genome sequencing and comparative transcriptomics of the model
                 entomopathogenic fungi \textit{Metarhizium anisopliae} and
                 \textit{M. acridum}",
  author      = "Gao, Qiang and Jin, Kai and Ying, Sheng-Hua and Zhang, Yongjun
                 and Xiao, Guohua and Shang, Yanfang and Duan, Zhibing and Hu,
                 Xiao and Xie, Xue-Qin and Zhou, Gang and Peng, Guoxiong and
                 Luo, Zhibing and Huang, Wei and Wang, Bing and Fang, Weiguo
                 and Wang, Sibao and Zhong, Yi and Ma, Li-Jun and St Leger,
                 Raymond J and Zhao, Guo-Ping and Pei, Yan and Feng, Ming-Guang
                 and Xia, Yuxian and Wang, Chengshu",
  affiliation = "Key Laboratory of Insect Developmental and Evolutionary
                 Biology, Institute of Plant Physiology and Ecology, Shanghai
                 Institutes for Biological Sciences, Chinese Academy of
                 Sciences, Shanghai, China.",
  journal     = "PLoS Genet.",
  volume      =  7,
  number      =  1,
  pages       = "e1001264",
  month       =  "6~" # jan,
  year        =  2011,
  keywords    = "Thesis References/10\_Appendix;Thesis References"
}

@ARTICLE{Eichinger2005,
  title       = "The genome of the social amoeba \textit{Dictyostelium
                 discoideum}",
  author      = "Eichinger, L and Pachebat, J A and Gl{\"{o}}ckner, G and
                 Rajandream, M-A and Sucgang, R and Berriman, M and Song, J and
                 Olsen, R and Szafranski, K and Xu, Q and Tunggal, B and
                 Kummerfeld, S and Madera, M and Konfortov, B A and Rivero, F
                 and Bankier, A T and Lehmann, R and Hamlin, N and Davies, R
                 and Gaudet, P and Fey, P and Pilcher, K and Chen, G and
                 Saunders, D and Sodergren, E and Davis, P and Kerhornou, A and
                 Nie, X and Hall, N and Anjard, C and Hemphill, L and Bason, N
                 and Farbrother, P and Desany, B and Just, E and Morio, T and
                 Rost, R and Churcher, C and Cooper, J and Haydock, S and van
                 Driessche, N and Cronin, A and Goodhead, I and Muzny, D and
                 Mourier, T and Pain, A and Lu, M and Harper, D and Lindsay, R
                 and Hauser, H and James, K and Quiles, M and Madan Babu, M and
                 Saito, T and Buchrieser, C and Wardroper, A and Felder, M and
                 Thangavelu, M and Johnson, D and Knights, A and Loulseged, H
                 and Mungall, K and Oliver, K and Price, C and Quail, M A and
                 Urushihara, H and Hernandez, J and Rabbinowitsch, E and
                 Steffen, D and Sanders, M and Ma, J and Kohara, Y and Sharp, S
                 and Simmonds, M and Spiegler, S and Tivey, A and Sugano, S and
                 White, B and Walker, D and Woodward, J and Winckler, T and
                 Tanaka, Y and Shaulsky, G and Schleicher, M and Weinstock, G
                 and Rosenthal, A and Cox, E C and Chisholm, R L and Gibbs, R
                 and Loomis, W F and Platzer, M and Kay, R R and Williams, J
                 and Dear, P H and Noegel, A A and Barrell, B and Kuspa, A",
  affiliation = "Center for Biochemistry and Center for Molecular Medicine
                 Cologne, University of Cologne, Joseph-Stelzmann-Str. 52,
                 50931 Cologne, Germany.",
  journal     = "Nature",
  volume      =  435,
  number      =  7038,
  pages       = "43--57",
  month       =  "5~" # may,
  year        =  2005,
  keywords    = "Thesis References/10\_Appendix;Thesis References"
}

@ARTICLE{Merchant2007,
  title       = "The \textit{Chlamydomonas} genome reveals the evolution of key
                 animal and plant functions",
  author      = "Merchant, Sabeeha S and Prochnik, Simon E and Vallon, Olivier
                 and Harris, Elizabeth H and Karpowicz, Steven J and Witman,
                 George B and Terry, Astrid and Salamov, Asaf and Fritz-Laylin,
                 Lillian K and Mar\'{e}chal-Drouard, Laurence and Marshall,
                 Wallace F and Qu, Liang-Hu and Nelson, David R and Sanderfoot,
                 Anton A and Spalding, Martin H and Kapitonov, Vladimir V and
                 Ren, Qinghu and Ferris, Patrick and Lindquist, Erika and
                 Shapiro, Harris and Lucas, Susan M and Grimwood, Jane and
                 Schmutz, Jeremy and Cardol, Pierre and Cerutti, Heriberto and
                 Chanfreau, Guillaume and Chen, Chun-Long and Cognat,
                 Val\'{e}rie and Croft, Martin T and Dent, Rachel and Dutcher,
                 Susan and Fern\'{a}ndez, Emilio and Fukuzawa, Hideya and
                 Gonz\'{a}lez-Ballester, David and Gonz\'{a}lez-Halphen, Diego
                 and Hallmann, Armin and Hanikenne, Marc and Hippler, Michael
                 and Inwood, William and Jabbari, Kamel and Kalanon, Ming and
                 Kuras, Richard and Lefebvre, Paul A and Lemaire, St\'{e}phane
                 D and Lobanov, Alexey V and Lohr, Martin and Manuell, Andrea
                 and Meier, Iris and Mets, Laurens and Mittag, Maria and
                 Mittelmeier, Telsa and Moroney, James V and Moseley, Jeffrey
                 and Napoli, Carolyn and Nedelcu, Aurora M and Niyogi, Krishna
                 and Novoselov, Sergey V and Paulsen, Ian T and Pazour, Greg
                 and Purton, Saul and Ral, Jean-Philippe and
                 Ria\~{n}o-Pach\'{o}n, Diego Mauricio and Riekhof, Wayne and
                 Rymarquis, Linda and Schroda, Michael and Stern, David and
                 Umen, James and Willows, Robert and Wilson, Nedra and Zimmer,
                 Sara Lana and Allmer, Jens and Balk, Janneke and Bisova,
                 Katerina and Chen, Chong-Jian and Elias, Marek and Gendler,
                 Karla and Hauser, Charles and Lamb, Mary Rose and Ledford,
                 Heidi and Long, Joanne C and Minagawa, Jun and Page, M Dudley
                 and Pan, Junmin and Pootakham, Wirulda and Roje, Sanja and
                 Rose, Annkatrin and Stahlberg, Eric and Terauchi, Aimee M and
                 Yang, Pinfen and Ball, Steven and Bowler, Chris and Dieckmann,
                 Carol L and Gladyshev, Vadim N and Green, Pamela and
                 Jorgensen, Richard and Mayfield, Stephen and Mueller-Roeber,
                 Bernd and Rajamani, Sathish and Sayre, Richard T and
                 Brokstein, Peter and Dubchak, Inna and Goodstein, David and
                 Hornick, Leila and Huang, Y Wayne and Jhaveri, Jinal and Luo,
                 Yigong and Mart\'{\i}nez, Diego and Ngau, Wing Chi Abby and
                 Otillar, Bobby and Poliakov, Alexander and Porter, Aaron and
                 Szajkowski, Lukasz and Werner, Gregory and Zhou, Kemin and
                 Grigoriev, Igor V and Rokhsar, Daniel S and Grossman, Arthur R",
  affiliation = "Department of Chemistry and Biochemistry, University of
                 California at Los Angeles, Los Angeles, CA 90095, USA.",
  journal     = "Science",
  volume      =  318,
  number      =  5848,
  pages       = "245--250",
  month       =  "12~" # oct,
  year        =  2007,
  keywords    = "Thesis References/10\_Appendix;Thesis References"
}

@ARTICLE{Matsuzaki2004,
  title       = "Genome sequence of the ultrasmall unicellular red alga
                 \textit{Cyanidioschyzon merolae} {10D}",
  author      = "Matsuzaki, Motomichi and Misumi, Osami and Shin-I, Tadasu and
                 Maruyama, Shinichiro and Takahara, Manabu and Miyagishima,
                 Shin-Ya and Mori, Toshiyuki and Nishida, Keiji and Yagisawa,
                 Fumi and Nishida, Keishin and Yoshida, Yamato and Nishimura,
                 Yoshiki and Nakao, Shunsuke and Kobayashi, Tamaki and
                 Momoyama, Yu and Higashiyama, Tetsuya and Minoda, Ayumi and
                 Sano, Masako and Nomoto, Hisayo and Oishi, Kazuko and Hayashi,
                 Hiroko and Ohta, Fumiko and Nishizaka, Satoko and Haga,
                 Shinobu and Miura, Sachiko and Morishita, Tomomi and Kabeya,
                 Yukihiro and Terasawa, Kimihiro and Suzuki, Yutaka and Ishii,
                 Yasuyuki and Asakawa, Shuichi and Takano, Hiroyoshi and Ohta,
                 Niji and Kuroiwa, Haruko and Tanaka, Kan and Shimizu,
                 Nobuyoshi and Sugano, Sumio and Sato, Naoki and Nozaki,
                 Hisayoshi and Ogasawara, Naotake and Kohara, Yuji and Kuroiwa,
                 Tsuneyoshi",
  affiliation = "Department of Biomedical Chemistry, Graduate School of
                 Medicine, University of Tokyo, 7-3-1 Hongo, Bunkyo-ku, Tokyo
                 113-0033, Japan. mzaki@biol.s.u-tokyo.ac.jp",
  journal     = "Nature",
  volume      =  428,
  number      =  6983,
  pages       = "653--657",
  month       =  "8~" # apr,
  year        =  2004,
  keywords    = "Thesis References/10\_Appendix;Thesis References"
}

@ARTICLE{Chang2015,
  title       = "Phylogenomic Analyses Indicate that Early Fungi Evolved
                 Digesting Cell Walls of Algal Ancestors of Land Plants",
  author      = "Chang, Ying and Wang, Sishuo and Sekimoto, Satoshi and Aerts,
                 Andrea L and Choi, Cindy and Clum, Alicia and LaButti, Kurt M
                 and Lindquist, Erika A and Yee Ngan, Chew and Ohm, Robin A and
                 Salamov, Asaf A and Grigoriev, Igor V and Spatafora, Joseph W
                 and Berbee, Mary L",
  affiliation = "Department of Botany, University of British Columbia,
                 Vancouver, British Columbia niuerchang@gmail.com. Department
                 of Botany, University of British Columbia, Vancouver, British
                 Columbia. Department of Botany, University of British
                 Columbia, Vancouver, British Columbia NITE Biological Resource
                 Center (NBRC), National Institute of Technology and
                 Evaluation, Chiba, Japan. DOE Joint Genome Institute, Walnut
                 Creek, California. DOE Joint Genome Institute, Walnut Creek,
                 California. DOE Joint Genome Institute, Walnut Creek,
                 California. DOE Joint Genome Institute, Walnut Creek,
                 California. DOE Joint Genome Institute, Walnut Creek,
                 California. DOE Joint Genome Institute, Walnut Creek,
                 California. DOE Joint Genome Institute, Walnut Creek,
                 California. DOE Joint Genome Institute, Walnut Creek,
                 California. DOE Joint Genome Institute, Walnut Creek,
                 California. Department of Botany and Plant Pathology, Oregon
                 State University. Department of Botany, University of British
                 Columbia, Vancouver, British Columbia.",
  journal     = "Genome Biol. Evol.",
  volume      =  7,
  number      =  6,
  pages       = "1590--1601",
  month       =  "14~" # may,
  year        =  2015,
  keywords    = "Gonapodya; carbohydrate active enzymes; evolution; fungal
                 phylogeny; geological time; pectinases; streptophytes;Thesis
                 References/10\_Appendix;Thesis References;Thesis
                 References/01\_Intro"
}

@ARTICLE{McCullough2000,
  title       = "Molecular epidemiology of \textit{Blastomyces dermatitidis}",
  author      = "McCullough, M J and DiSalvo, A F and Clemons, K V and Park, P
                 and Stevens, D A",
  affiliation = "Department of Medicine, Division of Infectious Diseases, Santa
                 Clara Valley Medical Center, San Jose, CA 95128-2699, USA.",
  journal     = "Clin. Infect. Dis.",
  volume      =  30,
  number      =  2,
  pages       = "328--335",
  month       =  feb,
  year        =  2000,
  keywords    = "Thesis References/10\_Appendix;Thesis References"
}

@ARTICLE{Amselem2011,
  title       = "Genomic analysis of the necrotrophic fungal pathogens
                 \textit{Sclerotinia sclerotiorum} and \textit{Botrytis
                 cinerea}",
  author      = "Amselem, Joelle and Cuomo, Christina A and van Kan, Jan A L
                 and Viaud, Muriel and Benito, Ernesto P and Couloux, Arnaud
                 and Coutinho, Pedro M and de Vries, Ronald P and Dyer, Paul S
                 and Fillinger, Sabine and Fournier, Elisabeth and Gout, Lilian
                 and Hahn, Matthias and Kohn, Linda and Lapalu, Nicolas and
                 Plummer, Kim M and Pradier, Jean-Marc and Qu\'{e}villon,
                 Emmanuel and Sharon, Amir and Simon, Adeline and ten Have,
                 Arjen and Tudzynski, Bettina and Tudzynski, Paul and Wincker,
                 Patrick and Andrew, Marion and Anthouard, V\'{e}ronique and
                 Beever, Ross E and Beffa, Rolland and Benoit, Isabelle and
                 Bouzid, Ourdia and Brault, Baptiste and Chen, Zehua and
                 Choquer, Mathias and Coll\'{e}mare, J\'{e}rome and Cotton,
                 Pascale and Danchin, Etienne G and Da Silva, Corinne and
                 Gautier, Ang\'{e}lique and Giraud, Corinne and Giraud, Tatiana
                 and Gonzalez, Celedonio and Grossetete, Sandrine and
                 G{\"{u}}ldener, Ulrich and Henrissat, Bernard and Howlett,
                 Barbara J and Kodira, Chinnappa and Kretschmer, Matthias and
                 Lappartient, Anne and Leroch, Michaela and Levis, Caroline and
                 Mauceli, Evan and Neuv\'{e}glise, C\'{e}cile and Oeser,
                 Birgitt and Pearson, Matthew and Poulain, Julie and
                 Poussereau, Nathalie and Quesneville, Hadi and Rascle,
                 Christine and Schumacher, Julia and S\'{e}gurens, B\'{e}atrice
                 and Sexton, Adrienne and Silva, Evelyn and Sirven, Catherine
                 and Soanes, Darren M and Talbot, Nicholas J and Templeton,
                 Matt and Yandava, Chandri and Yarden, Oded and Zeng, Qiandong
                 and Rollins, Jeffrey A and Lebrun, Marc-Henri and Dickman,
                 Marty",
  affiliation = "Unit\'{e} de Recherche G\'{e}nomique - Info, UR1164, INRA,
                 Versailles, France. joelle.amselem@versailles.inra.fr",
  journal     = "PLoS Genet.",
  volume      =  7,
  number      =  8,
  pages       = "e1002230",
  month       =  aug,
  year        =  2011,
  keywords    = "Thesis References/10\_Appendix;Thesis References"
}

@ARTICLE{Slamovits2004,
  title       = "Genome compaction and stability in microsporidian
                 intracellular parasites",
  author      = "Slamovits, Claudio H and Fast, Naomi M and Law, Joyce S and
                 Keeling, Patrick J",
  affiliation = "Canadian Institute for Advanced Research, Department of
                 Botany, University of British Columbia, 3529-6270 University
                 Boulevard, Vancouver, BC V6T 1Z4, Canada.",
  journal     = "Curr. Biol.",
  volume      =  14,
  number      =  10,
  pages       = "891--896",
  month       =  "25~" # may,
  year        =  2004,
  keywords    = "Thesis References/10\_Appendix;Thesis References"
}

@ARTICLE{Corradi2007,
  title       = "Patterns of genome evolution among the microsporidian
                 parasites \textit{Encephalitozoon cuniculi},
                 \textit{Antonospora locustae} and \textit{Enterocytozoon
                 bieneusi}",
  author      = "Corradi, Nicolas and Akiyoshi, Donna E and Morrison, Hilary G
                 and Feng, Xiaochuan and Weiss, Louis M and Tzipori, Saul and
                 Keeling, Patrick J",
  affiliation = "Department of Botany, Canadian Institute for Advanced
                 Research, University of British Columbia, Vancouver, British
                 Columbia, Canada.",
  journal     = "PLoS One",
  volume      =  2,
  number      =  12,
  pages       = "e1277",
  month       =  "5~" # dec,
  year        =  2007,
  keywords    = "Thesis References/10\_Appendix;Thesis References"
}

@ARTICLE{Dietrich2004,
  title       = "The \textit{Ashbya gossypii} genome as a tool for mapping the
                 ancient \textit{Saccharomyces cerevisiae} genome",
  author      = "Dietrich, Fred S and Voegeli, Sylvia and Brachat, Sophie and
                 Lerch, Anita and Gates, Krista and Steiner, Sabine and Mohr,
                 Christine and P{\"{o}}hlmann, Rainer and Luedi, Philippe and
                 Choi, Sangdun and Wing, Rod A and Flavier, Albert and Gaffney,
                 Thomas D and Philippsen, Peter",
  affiliation = "Biozentrum der Universit{\"{a}}t Basel, Klingelbergstrasse 50,
                 CH-4056 Basel, Switzerland.",
  journal     = "Science",
  volume      =  304,
  number      =  5668,
  pages       = "304--307",
  month       =  "9~" # apr,
  year        =  2004,
  keywords    = "Thesis References/10\_Appendix;Thesis References"
}

@ARTICLE{Galagan2005,
  title       = "Sequencing of \textit{Aspergillus nidulans} and comparative
                 analysis with \textit{A. fumigatus} and \textit{A. oryzae}",
  author      = "Galagan, James E and Calvo, Sarah E and Cuomo, Christina and
                 Ma, Li-Jun and Wortman, Jennifer R and Batzoglou, Serafim and
                 Lee, Su-In and Ba\c{s}t{\"{u}}rkmen, Meray and Spevak,
                 Christina C and Clutterbuck, John and Kapitonov, Vladimir and
                 Jurka, Jerzy and Scazzocchio, Claudio and Farman, Mark and
                 Butler, Jonathan and Purcell, Seth and Harris, Steve and
                 Braus, Gerhard H and Draht, Oliver and Busch, Silke and
                 D'Enfert, Christophe and Bouchier, Christiane and Goldman,
                 Gustavo H and Bell-Pedersen, Deborah and Griffiths-Jones, Sam
                 and Doonan, John H and Yu, Jaehyuk and Vienken, Kay and Pain,
                 Arnab and Freitag, Michael and Selker, Eric U and Archer,
                 David B and Pe\~{n}alva, Miguel A and Oakley, Berl R and
                 Momany, Michelle and Tanaka, Toshihiro and Kumagai, Toshitaka
                 and Asai, Kiyoshi and Machida, Masayuki and Nierman, William C
                 and Denning, David W and Caddick, Mark and Hynes, Michael and
                 Paoletti, Mathieu and Fischer, Reinhard and Miller, Bruce and
                 Dyer, Paul and Sachs, Matthew S and Osmani, Stephen A and
                 Birren, Bruce W",
  affiliation = "The Broad Institute of MIT and Harvard, 320 Charles Street,
                 Cambridge, Massachusetts 02142, USA.",
  journal     = "Nature",
  volume      =  438,
  number      =  7071,
  pages       = "1105--1115",
  month       =  "22~" # dec,
  year        =  2005,
  keywords    = "Thesis References/10\_Appendix;Thesis References"
}

@ARTICLE{Nierman2005,
  title       = "Genomic sequence of the pathogenic and allergenic filamentous
                 fungus \textit{Aspergillus fumigatus}",
  author      = "Nierman, William C and Pain, Arnab and Anderson, Michael J and
                 Wortman, Jennifer R and Kim, H Stanley and Arroyo, Javier and
                 Berriman, Matthew and Abe, Keietsu and Archer, David B and
                 Bermejo, Clara and Bennett, Joan and Bowyer, Paul and Chen,
                 Dan and Collins, Matthew and Coulsen, Richard and Davies,
                 Robert and Dyer, Paul S and Farman, Mark and Fedorova, Nadia
                 and Fedorova, Natalie and Feldblyum, Tamara V and Fischer,
                 Reinhard and Fosker, Nigel and Fraser, Audrey and Garc\'{\i}a,
                 Jose L and Garc\'{\i}a, Maria J and Goble, Arlette and
                 Goldman, Gustavo H and Gomi, Katsuya and Griffith-Jones, Sam
                 and Gwilliam, Ryan and Haas, Brian and Haas, Hubertus and
                 Harris, David and Horiuchi, H and Huang, Jiaqi and Humphray,
                 Sean and Jim\'{e}nez, Javier and Keller, Nancy and Khouri,
                 Hoda and Kitamoto, Katsuhiko and Kobayashi, Tetsuo and
                 Konzack, Sven and Kulkarni, Resham and Kumagai, Toshitaka and
                 Lafon, Anne and Lafton, Anne and Latg\'{e}, Jean-Paul and Li,
                 Weixi and Lord, Angela and Lu, Charles and Majoros, William H
                 and May, Gregory S and Miller, Bruce L and Mohamoud, Yasmin
                 and Molina, Maria and Monod, Michel and Mouyna, Isabelle and
                 Mulligan, Stephanie and Murphy, Lee and O'Neil, Susan and
                 Paulsen, Ian and Pe\~{n}alva, Miguel A and Pertea, Mihaela and
                 Price, Claire and Pritchard, Bethan L and Quail, Michael A and
                 Rabbinowitsch, Ester and Rawlins, Neil and Rajandream,
                 Marie-Adele and Reichard, Utz and Renauld, Hubert and Robson,
                 Geoffrey D and Rodriguez de C\'{o}rdoba, Santiago and
                 Rodr\'{\i}guez-Pe\~{n}a, Jose M and Ronning, Catherine M and
                 Rutter, Simon and Salzberg, Steven L and Sanchez, Miguel and
                 S\'{a}nchez-Ferrero, Juan C and Saunders, David and Seeger,
                 Kathy and Squares, Rob and Squares, Steven and Takeuchi,
                 Michio and Tekaia, Fredj and Turner, Geoffrey and Vazquez de
                 Aldana, Carlos R and Weidman, Janice and White, Owen and
                 Woodward, John and Yu, Jae-Hyuk and Fraser, Claire and
                 Galagan, James E and Asai, Kiyoshi and Machida, Masayuki and
                 Hall, Neil and Barrell, Bart and Denning, David W",
  affiliation = "The Institute for Genomic Research, Rockville, Maryland 20850,
                 USA. wnierman@tigr.org",
  journal     = "Nature",
  volume      =  438,
  number      =  7071,
  pages       = "1151--1156",
  month       =  "22~" # dec,
  year        =  2005,
  keywords    = "Thesis References/10\_Appendix;Thesis References"
}

@ARTICLE{Neafsey2010,
  title       = "Population genomic sequencing of \textit{Coccidioides} fungi
                 reveals recent hybridization and transposon control",
  author      = "Neafsey, Daniel E and Barker, Bridget M and Sharpton, Thomas J
                 and Stajich, Jason E and Park, Daniel J and Whiston, Emily and
                 Hung, Chiung-Yu and McMahan, Cody and White, Jared and Sykes,
                 Sean and Heiman, David and Young, Sarah and Zeng, Qiandong and
                 Abouelleil, Amr and Aftuck, Lynne and Bessette, Daniel and
                 Brown, Adam and FitzGerald, Michael and Lui, Annie and
                 Macdonald, J Pendexter and Priest, Margaret and Orbach, Marc J
                 and Galgiani, John N and Kirkland, Theo N and Cole, Garry T
                 and Birren, Bruce W and Henn, Matthew R and Taylor, John W and
                 Rounsley, Steven D",
  affiliation = "Broad Institute, Cambridge, Massachusetts 02142, USA.
                 neafsey@broadinstitute.org",
  journal     = "Genome Res.",
  volume      =  20,
  number      =  7,
  pages       = "938--946",
  month       =  jul,
  year        =  2010,
  keywords    = "Thesis References/10\_Appendix;Thesis References"
}

@ARTICLE{Sharpton2009,
  title       = "Comparative genomic analyses of the human fungal pathogens
                 \textit{Coccidioides} and their relatives",
  author      = "Sharpton, Thomas J and Stajich, Jason E and Rounsley, Steven D
                 and Gardner, Malcolm J and Wortman, Jennifer R and Jordar,
                 Vinita S and Maiti, Rama and Kodira, Chinnappa D and Neafsey,
                 Daniel E and Zeng, Qiandong and Hung, Chiung-Yu and McMahan,
                 Cody and Muszewska, Anna and Grynberg, Marcin and Mandel, M
                 Alejandra and Kellner, Ellen M and Barker, Bridget M and
                 Galgiani, John N and Orbach, Marc J and Kirkland, Theo N and
                 Cole, Garry T and Henn, Matthew R and Birren, Bruce W and
                 Taylor, John W",
  affiliation = "Department of Plant and Microbial Biology, University of
                 California, Berkeley, 94720, USA. sharpton@berkeley.edu",
  journal     = "Genome Res.",
  volume      =  19,
  number      =  10,
  pages       = "1722--1731",
  month       =  oct,
  year        =  2009,
  keywords    = "Thesis References/10\_Appendix;Thesis References"
}

@ARTICLE{Stajich2010Ccin,
  title       = "Insights into evolution of multicellular fungi from the
                 assembled chromosomes of the mushroom \textit{Coprinopsis
                 cinerea} (\textit{Coprinus cinereus})",
  author      = "Stajich, Jason E and Wilke, Sarah K and Ahr\'{e}n, Dag and Au,
                 Chun Hang and Birren, Bruce W and Borodovsky, Mark and Burns,
                 Claire and Canb{\"{a}}ck, Bj{\"{o}}rn and Casselton, Lorna A
                 and Cheng, C K and Deng, Jixin and Dietrich, Fred S and Fargo,
                 David C and Farman, Mark L and Gathman, Allen C and Goldberg,
                 Jonathan and Guig\'{o}, Roderic and Hoegger, Patrick J and
                 Hooker, James B and Huggins, Ashleigh and James, Timothy Y and
                 Kamada, Takashi and Kilaru, Sreedhar and Kodira, Chinnapa and
                 K{\"{u}}es, Ursula and Kupfer, Doris and Kwan, H S and
                 Lomsadze, Alexandre and Li, Weixi and Lilly, Walt W and Ma,
                 Li-Jun and Mackey, Aaron J and Manning, Gerard and Martin,
                 Francis and Muraguchi, Hajime and Natvig, Donald O and
                 Palmerini, Heather and Ramesh, Marilee A and Rehmeyer, Cathy J
                 and Roe, Bruce A and Shenoy, Narmada and Stanke, Mario and
                 Ter-Hovhannisyan, Vardges and Tunlid, Anders and Velagapudi,
                 Rajesh and Vision, Todd J and Zeng, Qiandong and Zolan, Miriam
                 E and Pukkila, Patricia J",
  affiliation = "Department of Plant Pathology and Microbiology, University of
                 California, Riverside, CA 92521, USA. jason.stajich@ucr.edu",
  journal     = "Proc. Natl. Acad. Sci. U. S. A.",
  volume      =  107,
  number      =  26,
  pages       = "11889--11894",
  month       =  "29~" # jun,
  year        =  2010,
  keywords    = "Thesis References/10\_Appendix;Thesis References"
}

@ARTICLE{FritzLaylin2011,
  title       = "The \textit{Naegleria} genome: a free-living microbial
                 eukaryote lends unique insights into core eukaryotic cell
                 biology",
  author      = "Fritz-Laylin, Lillian K and Ginger, Michael L and Walsh,
                 Charles and Dawson, Scott C and Fulton, Chandler",
  affiliation = "Department of Cellular and Molecular Pharmacology, UCSF
                 Medical School, San Francisco, CA 94107, USA.
                 fritzlaylin@gmail.com",
  journal     = "Res. Microbiol.",
  volume      =  162,
  number      =  6,
  pages       = "607--618",
  month       =  jul,
  year        =  2011,
  keywords    = "Thesis References/10\_Appendix;Thesis References"
}

@ARTICLE{Liu2006,
  title       = "Loss of the flagellum happened only once in the fungal
                 lineage: phylogenetic structure of kingdom {Fungi} inferred
                 from {RNA} polymerase {II} subunit genes",
  author      = "Liu, Yajuan J and Hodson, Matthew C and Hall, Benjamin D",
  affiliation = "Departments of Biology and Genome Sciences, University of
                 Washington, Seattle, WA 98195, USA. yajuan@u.washington.edu",
  journal     = "BMC Evol. Biol.",
  volume      =  6,
  pages       = "74",
  month       =  "29~" # sep,
  year        =  2006,
  keywords    = "Thesis References/01\_Intro;Thesis References;Thesis
                 References/10\_Appendix"
}

@ARTICLE{Altschul1997,
  title    = "Gapped {BLAST} and {PSI-BLAST}: a new generation of protein
              database search programs",
  author   = "Altschul, S F and Madden, T L and Sch{\"{a}}ffer, A a and Zhang,
              J and Zhang, Z and Miller, W and Lipman, D J",
  journal  = "Nucleic Acids Res.",
  volume   =  25,
  number   =  17,
  pages    = "3389--3402",
  month    =  sep,
  year     =  1997,
  keywords = "Algorithms; Amino Acid Sequence; Animals; Databases; DNA; DNA:
              chemistry; Factual; Humans; Molecular Sequence Data; Proteins;
              Proteins: chemistry; Sequence Alignment; Software;Programs;Thesis
              References/10\_Appendix;Thesis References"
}

@ARTICLE{Haimo1981,
  title    = "Cilia, flagella, and microtubules",
  author   = "Haimo, L T and Rosenbaum, J L",
  journal  = "J. Cell Biol.",
  volume   =  91,
  number   = "3 Pt 2",
  pages    = "125s--130s",
  month    =  dec,
  year     =  1981,
  keywords = "Animals; Chemical Phenomena; Chemistry; Cilia; Cilia: physiology;
              Cilia: ultrastructure; Dyneins; Dyneins: metabolism; Flagella;
              Flagella: physiology; Flagella: ultrastructure;
              Microtubule-Associated Proteins; Microtubules; Microtubules:
              analysis; Microtubules: physiology; Microtubules: ultrastructure;
              Movement; Polymers; Proteins; Proteins: physiology; Tubulin;
              Tubulin: metabolism;Fungi/Chytrids/Flagella;Interesting
              papers;Thesis References/10\_Appendix;Thesis References"
}

@ARTICLE{Sekimoto2011,
  title     = "A multigene phylogeny of \textit{Olpidium} and its implications
               for early fungal evolution",
  author    = "Sekimoto, Satoshi and Rochon, D'ann and Long, Jennifer E and
               Dee, Jaclyn M and Berbee, Mary L",
  journal   = "BMC Evol. Biol.",
  publisher = "BioMed Central Ltd",
  volume    =  11,
  number    =  1,
  pages     = "331",
  month     =  jan,
  year      =  2011,
  keywords  = "Chytridiomycota; Chytridiomycota: cytology; Chytridiomycota:
               genetics; DNA, Fungal; DNA, Fungal: genetics; DNA, Fungal:
               isolation \& purification; Evolution, Molecular; Fungi; Fungi:
               cytology; Fungi: genetics; Phylogeny; RNA, Fungal; RNA, Fungal:
               genetics; RNA, Fungal: isolation \&
               purification;Fungi;Fungi/Chytrids;Jason;Thesis
               References/10\_Appendix;Thesis References"
}

