% Generated by Paperpile. Check out http://paperpile.com for more information.
% BibTeX export options can be customized via Settings -> BibTeX.

@ARTICLE{Menne2000,
  title       = "A comparison of signal sequence prediction methods using a
                 test set of signal peptides",
  author      = "Menne, K M and Hermjakob, H and Apweiler, R",
  affiliation = "EMBL Outstation Hinxton - The European Bioinformatics
                 Institute (EBI), Wellcome Trust Genome Campus, Hinxton,
                 Cambridgeshire CB10 1SD, UK.",
  journal     = "Bioinformatics",
  volume      =  16,
  number      =  8,
  pages       = "741--742",
  month       =  aug,
  year        =  2000,
  keywords    = "Thesis References/03\_Inhibition;Thesis References"
}

@ARTICLE{Matthews1975,
  title    = "Comparison of the predicted and observed secondary structure of
              {T4} phage lysozyme",
  author   = "Matthews, B W",
  journal  = "Biochim. Biophys. Acta",
  volume   =  405,
  number   =  2,
  pages    = "442--451",
  month    =  "20~" # oct,
  year     =  1975,
  keywords = "Thesis References/03\_Inhibition;Thesis References"
}

@ARTICLE{Baldi2000,
  title       = "Assessing the accuracy of prediction algorithms for
                 classification: an overview",
  author      = "Baldi, P and Brunak, S and Chauvin, Y and Andersen, C A and
                 Nielsen, H",
  affiliation = "Department of Information and Computer Science, University of
                 California, Irvine, CA 92697, USA. pfbaldi@ics.uci.edu",
  journal     = "Bioinformatics",
  volume      =  16,
  number      =  5,
  pages       = "412--424",
  month       =  may,
  year        =  2000,
  keywords    = "Thesis References/03\_Inhibition;Thesis References"
}

@ARTICLE{deCastro2006,
  title       = "{ScanProsite}: detection of {PROSITE} signature matches and
                 {ProRule-associated} functional and structural residues in
                 proteins",
  author      = "de Castro, Edouard and Sigrist, Christian J A and Gattiker,
                 Alexandre and Bulliard, Virginie and Langendijk-Genevaux,
                 Petra S and Gasteiger, Elisabeth and Bairoch, Amos and Hulo,
                 Nicolas",
  affiliation = "Swiss Institute of Bioinformatics, 1 rue Michel Servet,
                 CH-1211 Geneva 4, Switzerland. ecastro@isb-sib.ch",
  journal     = "Nucleic Acids Res.",
  volume      =  34,
  number      = "Web Server issue",
  pages       = "W362--5",
  month       =  "1~" # jul,
  year        =  2006,
  keywords    = "Thesis References/03\_Inhibition;Thesis References"
}

@ARTICLE{Horton2007,
  title       = "{WoLF} {PSORT}: protein localization predictor",
  author      = "Horton, Paul and Park, Keun-Joon and Obayashi, Takeshi and
                 Fujita, Naoya and Harada, Hajime and Adams-Collier, C J and
                 Nakai, Kenta",
  affiliation = "Computational Biology Research Center, AIST, Tokyo, Japan.",
  journal     = "Nucleic Acids Res.",
  volume      =  35,
  number      = "Web Server issue",
  pages       = "W585--7",
  month       =  jul,
  year        =  2007,
  keywords    = "Thesis References/03\_Inhibition;Thesis References"
}

@ARTICLE{Sprenger2006,
  title       = "Evaluation and comparison of mammalian subcellular
                 localization prediction methods",
  author      = "Sprenger, Josefine and Fink, J Lynn and Teasdale, Rohan D",
  affiliation = "ARC Special Research Centre for Functional and Applied
                 Genomics, Brisbane, QLD 4072, Australia.
                 j.sprenger@imb.uq.edu.au",
  journal     = "BMC Bioinformatics",
  volume      = "7 Suppl 5",
  pages       = "S3",
  month       =  "18~" # dec,
  year        =  2006,
  keywords    = "Thesis References;Thesis References/03\_Inhibition"
}

@ARTICLE{Emanuelsson2007,
  title       = "Locating proteins in the cell using {TargetP}, {SignalP} and
                 related tools",
  author      = "Emanuelsson, Olof and Brunak, S\o{}ren and von Heijne, Gunnar
                 and Nielsen, Henrik",
  affiliation = "Stockholm Bioinformatics Center, Albanova, Stockholm
                 University, SE-10691 Stockholm, Sweden.",
  journal     = "Nat. Protoc.",
  volume      =  2,
  number      =  4,
  pages       = "953--971",
  year        =  2007,
  keywords    = "Thesis References/03\_Inhibition;Thesis References"
}

@ARTICLE{Emanuelsson2000,
  title       = "Predicting subcellular localization of proteins based on their
                 N-terminal amino acid sequence",
  author      = "Emanuelsson, O and Nielsen, H and Brunak, S and von Heijne, G",
  affiliation = "Stockholm Bioinformatics Center, Department of Biochemistry,
                 Stockholm University, Stockholm, S-106 91, Sweden.",
  journal     = "J. Mol. Biol.",
  volume      =  300,
  number      =  4,
  pages       = "1005--1016",
  month       =  "21~" # jul,
  year        =  2000,
  keywords    = "Thesis References/03\_Inhibition;Thesis References"
}

@ARTICLE{Kall2007,
  title    = "Advantages of combined transmembrane topology and signal peptide
              prediction---the {Phobius} web server",
  author   = "K{\"{a}}ll, Lukas and Krogh, Anders and Sonnhammer, Erik L L",
  journal  = "Nucleic Acids Res.",
  volume   =  35,
  number   = "suppl 2",
  pages    = "W429--W432",
  month    =  "1~" # jul,
  year     =  2007,
  keywords = "Thesis References/03\_Inhibition;Thesis References"
}

@ARTICLE{Kall2004,
  title       = "A combined transmembrane topology and signal peptide
                 prediction method",
  author      = "K{\"{a}}ll, Lukas and Krogh, Anders and Sonnhammer, Erik L L",
  affiliation = "Center for Genomics and Bioinformatics, Karolinska Institutet,
                 SE-17 177 Stockholm, Sweden.",
  journal     = "J. Mol. Biol.",
  volume      =  338,
  number      =  5,
  pages       = "1027--1036",
  month       =  "14~" # may,
  year        =  2004,
  keywords    = "Thesis References/03\_Inhibition;Thesis References"
}

@ARTICLE{Bendtsen2004,
  title       = "Improved prediction of signal peptides: {SignalP} 3.0",
  author      = "Bendtsen, Jannick Dyrl\o{}v and Nielsen, Henrik and von
                 Heijne, Gunnar and Brunak, S\o{}ren",
  affiliation = "Center for Biological Sequence Analysis, BioCentrum-DTU,
                 Building 208, Technical University of Denmark, DK-2800 Lyngby,
                 Denmark.",
  journal     = "J. Mol. Biol.",
  volume      =  340,
  number      =  4,
  pages       = "783--795",
  month       =  "16~" # jul,
  year        =  2004,
  keywords    = "Thesis References/03\_Inhibition;Thesis References"
}

@ARTICLE{Leroch2011,
  title     = "Fungicide Resistance Phenotypes of \textit{Botrytis cinerea}
               Isolates from Commercial Vineyards in {South} {West} {Germany}",
  author    = "Leroch, Michaela and Kretschmer, Matthias and Hahn, Matthias",
  journal   = "Journal of Phytopathology",
  publisher = "Blackwell Publishing Ltd",
  volume    =  159,
  number    =  1,
  pages     = "63--65",
  month     =  "1~" # jan,
  year      =  2011,
  keywords  = "multidrug resistance; fungicide resistance; botryticides;Thesis
               References/03\_Inhibition;Thesis References"
}

@ARTICLE{Kretschmer2009,
  title       = "Fungicide-driven evolution and molecular basis of multidrug
                 resistance in field populations of the grey mould fungus
                 \textit{Botrytis cinerea}",
  author      = "Kretschmer, Matthias and Leroch, Michaela and Mosbach, Andreas
                 and Walker, Anne-Sophie and Fillinger, Sabine and Mernke,
                 Dennis and Schoonbeek, Henk-Jan and Pradier, Jean-Marc and
                 Leroux, Pierre and De Waard, Maarten A and Hahn, Matthias",
  affiliation = "Department of Biology, University of Kaiserslautern,
                 Kaiserslautern, Germany.",
  journal     = "PLoS Pathog.",
  volume      =  5,
  number      =  12,
  pages       = "e1000696",
  month       =  dec,
  year        =  2009,
  keywords    = "Thesis References/03\_Inhibition;Thesis References"
}

@ARTICLE{Myers2000,
  title       = "A whole-genome assembly of \textit{Drosophila}",
  author      = "Myers, E W and Sutton, G G and Delcher, A L and Dew, I M and
                 Fasulo, D P and Flanigan, M J and Kravitz, S A and Mobarry, C
                 M and Reinert, K H and Remington, K A and Anson, E L and
                 Bolanos, R A and Chou, H H and Jordan, C M and Halpern, A L
                 and Lonardi, S and Beasley, E M and Brandon, R C and Chen, L
                 and Dunn, P J and Lai, Z and Liang, Y and Nusskern, D R and
                 Zhan, M and Zhang, Q and Zheng, X and Rubin, G M and Adams, M
                 D and Venter, J C",
  affiliation = "Celera Genomics, Inc., 45 West Gude Drive, Rockville, MD
                 20850, USA. Gene.Myers@celera.com",
  journal     = "Science",
  volume      =  287,
  number      =  5461,
  pages       = "2196--2204",
  month       =  "24~" # mar,
  year        =  2000,
  keywords    = "Thesis References/03\_Inhibition;Thesis References"
}

@BOOK{Sherris1994,
  title     = "Sherris medical microbiology: an introduction to infectious
               diseases",
  author    = "Sherris, John C",
  editor    = "Ryan, Kenneth James and Ray, George C",
  publisher = "McGraw-Hill Medical Publishing",
  year      =  1994,
  keywords  = "Thesis References/03\_Inhibition;Thesis References"
}

@ARTICLE{Dean2012,
  title       = "The Top 10 fungal pathogens in molecular plant pathology",
  author      = "Dean, Ralph and Van Kan, Jan A L and Pretorius, Zacharias A
                 and Hammond-Kosack, Kim E and Di Pietro, Antonio and Spanu,
                 Pietro D and Rudd, Jason J and Dickman, Marty and Kahmann,
                 Regine and Ellis, Jeff and Foster, Gary D",
  affiliation = "Department of Plant Pathology, Fungal Genomics Laboratory,
                 North Carolina State University, Raleigh, NC 27695, USA.",
  journal     = "Mol. Plant Pathol.",
  volume      =  13,
  number      =  4,
  pages       = "414--430",
  month       =  may,
  year        =  2012,
  keywords    = "Thesis References/03\_Inhibition;Thesis References"
}

@ARTICLE{Khaldi2010,
  title       = "{SMURF}: Genomic mapping of fungal secondary metabolite
                 clusters",
  author      = "Khaldi, Nora and Seifuddin, Fayaz T and Turner, Geoff and
                 Haft, Daniel and Nierman, William C and Wolfe, Kenneth H and
                 Fedorova, Natalie D",
  affiliation = "Smurfit Institute of Genetics, Trinity College, Dublin,
                 Ireland.",
  journal     = "Fungal Genet. Biol.",
  volume      =  47,
  number      =  9,
  pages       = "736--741",
  month       =  sep,
  year        =  2010,
  keywords    = "Thesis References/03\_Inhibition;Thesis References"
}

@ARTICLE{James2000,
  title    = "Molecular phylogenetics of the \textit{Chytridiomycota} supports
              the utility of ultrastructural data in chytrid systematics",
  author   = "James, Timothy Y and Porter, David and Leander, Celeste A and
              Vilgalys, Rytas and Longcore, Joyce E",
  journal  = "Can. J. Bot.",
  volume   =  78,
  number   =  3,
  pages    = "336--350",
  year     =  2000,
  keywords = "Fungi/Chytrids;Fungi;Thesis References/03\_Inhibition;Thesis
              References"
}

@ARTICLE{Davis1970,
  title    = "Genetic and Microbiological Research Techniques for
              \textit{Neurospora crassa}",
  author   = "de Serres, F. J., Davis, R H ,",
  journal  = "Meth. Enzymol.",
  year     =  1970,
  keywords = "Thesis References/03\_Inhibition;Thesis References"
}

@ARTICLE{Rhodes1995,
  title     = "Effects of Late {Holocene} Forest Disturbance and Vegetation
               Change on {Acidic} {Mud} {Pond}, {Maine}, {USA}",
  author    = "Rhodes, Thomas E and Davis, Ronald B",
  journal   = "Ecology",
  publisher = "Ecological Society of America",
  volume    =  76,
  number    =  3,
  pages     = "734--746",
  month     =  "1~" # apr,
  year      =  1995,
  keywords  = "Ahrendt Inhibition Paper;Thesis References/03\_Inhibition;Thesis
               References"
}

@ARTICLE{Davis1994,
  title     = "Acidity of twelve northern New England ({U.S.A}.) lakes in
               recent centuries",
  author    = "Davis, Ronald B and Anderson, Dennis S and Norton, Stephen A and
               Whiting, Mark C",
  journal   = "J. Paleolimnol.",
  publisher = "Kluwer Academic Publishers",
  volume    =  12,
  number    =  2,
  pages     = "103--154",
  month     =  "1~" # jan,
  year      =  1994,
  keywords  = "Ahrendt Inhibition Paper;Thesis References/03\_Inhibition;Thesis
               References"
}

@ARTICLE{Berdy2012,
  title     = "Thoughts and facts about antibiotics: Where we are now and where
               we are heading",
  author    = "B\'{e}rdy, J\'{a}nos",
  journal   = "J. Antibiot.",
  publisher = "Nature Publishing Group",
  volume    =  65,
  number    =  8,
  pages     = "385--395",
  month     =  "18~" # apr,
  year      =  2012,
  keywords  = "Thesis References/03\_Inhibition;Thesis References"
}

@ARTICLE{Alexander1997,
  title       = "Antifungal resistance trends towards the year 2000.
                 Implications for therapy and new approaches",
  author      = "Alexander, B D and Perfect, J R",
  affiliation = "Division of Infectious Diseases, Duke University Medical
                 Center, Durham, North Carolina, USA.",
  journal     = "Drugs",
  volume      =  54,
  number      =  5,
  pages       = "657--678",
  month       =  nov,
  year        =  1997,
  keywords    = "Ahrendt Inhibition Paper;Thesis
                 References/03\_Inhibition;Thesis References"
}

@ARTICLE{Kontoyiannis2002,
  title       = "Antifungal drug resistance of pathogenic fungi",
  author      = "Kontoyiannis, Dimitrios P and Lewis, Russell E",
  affiliation = "Department of Infectious Diseases, Infection Control and
                 Employee Health, University of Texas M D Anderson Cancer
                 Center, Houston, TX 77030, USA. dkontoyi@mdanderson.org",
  journal     = "Lancet",
  volume      =  359,
  number      =  9312,
  pages       = "1135--1144",
  month       =  "30~" # mar,
  year        =  2002,
  keywords    = "Ahrendt Inhibition Paper;Inhibition;Interesting papers;Thesis
                 References/03\_Inhibition;Thesis References"
}

@ARTICLE{Bossche1998,
  title       = "Antifungal drug resistance in pathogenic fungi",
  author      = "Vanden Bossche, H and Dromer, F and Improvisi, I and
                 Lozano-Chiu, M and Rex, J H and Sanglard, D",
  affiliation = "Janssen Research Foundation, Beerse, Belgium.
                 hvbossch@janbe.jnj.com",
  journal     = "Med. Mycol.",
  volume      = "36 Suppl 1",
  pages       = "119--128",
  year        =  1998,
  keywords    = "Ahrendt Inhibition Paper;Inhibition;Thesis
                 References/03\_Inhibition;Thesis References"
}

@ARTICLE{Howlett2006,
  title       = "Secondary metabolite toxins and nutrition of plant pathogenic
                 fungi",
  author      = "Howlett, Barbara J",
  affiliation = "School of Botany, The University of Melbourne, 3010 Victoria,
                 Australia. bhowlett@unimelb.edu.au",
  journal     = "Curr. Opin. Plant Biol.",
  volume      =  9,
  number      =  4,
  pages       = "371--375",
  month       =  aug,
  year        =  2006,
  keywords    = "Ahrendt Inhibition Paper;Inhibition;Interesting papers;Thesis
                 References/03\_Inhibition;Thesis References"
}

@ARTICLE{Wiemann2014,
  title       = "Strategies for mining fungal natural products",
  author      = "Wiemann, Philipp and Keller, Nancy P",
  affiliation = "Department of Medical Microbiology and Immunology, University
                 of Wisconsin-Madison, 3476 Microbial Sciences Building, 1550
                 Linden Drive, Madison, WI, 53706, USA.",
  journal     = "J. Ind. Microbiol. Biotechnol.",
  volume      =  41,
  number      =  2,
  pages       = "301--313",
  month       =  feb,
  year        =  2014,
  keywords    = "Ahrendt Inhibition Paper;Inhibition;Thesis
                 References/03\_Inhibition;Thesis References"
}

@ARTICLE{Kokkonen2010,
  title       = "Mycotoxin production of selected \textit{Fusarium} species at
                 different culture conditions",
  author      = "Kokkonen, Meri and Ojala, Laura and Parikka, P{\"{a}}ivi and
                 Jestoi, Marika",
  affiliation = "Finnish Food Safety Authority (Evira), Chemistry and
                 Toxicology Unit, Mustialankatu 3, FI-00790, Helsinki, Finland.
                 meri.kokkonen@evira.fi",
  journal     = "Int. J. Food Microbiol.",
  volume      =  143,
  number      = "1-2",
  pages       = "17--25",
  month       =  "30~" # sep,
  year        =  2010,
  keywords    = "Ahrendt Inhibition Paper;Inhibition;Thesis
                 References/03\_Inhibition;Thesis References"
}

@ARTICLE{Vicente2003,
  title       = "Microbial natural products as a source of antifungals",
  author      = "Vicente, M F and Basilio, A and Cabello, A and Pel\'{a}ez, F",
  affiliation = "Centro de Investigac\'{\i}on B\'{a}sica, Merck Research
                 Laboratories, Merck, Sharp and Dohme Espa\~{n}a, S. A. Josefa
                 Valc\'{a}rcel 38, 28027 Madrid, Spain.
                 Francisca\_vicente@merck.com",
  journal     = "Clin. Microbiol. Infect.",
  volume      =  9,
  number      =  1,
  pages       = "15--32",
  month       =  jan,
  year        =  2003,
  keywords    = "Inhibition;Thesis References/01\_Intro;Thesis
                 References;Thesis References/03\_Inhibition"
}

@ARTICLE{Letcher2008,
  title       = "Rediscovery of an unusual chytridiaceous fungus new to the
                 order {Rhizophydiales}",
  author      = "Letcher, Peter M and Powell, Martha J and Viusent, M Claudia",
  affiliation = "Dept. of Biological Sciences, The University of Alabama,
                 Tuscaloosa AL 35487, USA. letch006@bama.ua.edu",
  journal     = "Mycologia",
  volume      =  100,
  number      =  2,
  pages       = "325--334",
  month       =  mar,
  year        =  2008,
  keywords    = "Thesis References/03\_Inhibition;Thesis References"
}

@ARTICLE{Pfaller2012,
  title       = "Antifungal drug resistance: mechanisms, epidemiology, and
                 consequences for treatment",
  author      = "Pfaller, Michael A",
  affiliation = "Medical Microbiology Division, Department of Pathology,
                 University of Iowa College of Medicine, Iowa City, Iowa 52242,
                 USA. michael-pfaller@uiowa.edu",
  journal     = "Am. J. Med.",
  volume      =  125,
  number      = "1 Suppl",
  pages       = "S3--13",
  month       =  jan,
  year        =  2012,
  keywords    = "Inhibition;Ahrendt Inhibition Paper;Thesis
                 References/03\_Inhibition;Thesis References"
}

@ARTICLE{Lavermicocca2000,
  title    = "Purification and Characterization of Novel Antifungal Compounds
              from the Sourdough \textit{Lactobacillus plantarum} Strain {21B}",
  author   = "Lavermicocca, Paola and Valerio, Francesca and Evidente, Antonio
              and Lazzaroni, Silvia and Corsetti, Aldo and Gobbetti, Marco",
  journal  = "Applied and Environmental Microbiology",
  volume   =  66,
  number   =  9,
  pages    = "4084--4090",
  year     =  2000,
  keywords = "Inhibition;Ahrendt Inhibition Paper;Thesis
              References/03\_Inhibition;Thesis References"
}

@ARTICLE{Tebbets2012,
  title    = "Identification and Characterization of Antifungal Compounds Using
              a \textit{Saccharomyces cerevisiae} Reporter Bioassay",
  author   = "Tebbets, Brad and Stewart, Douglas and Lawry, Stephanie and Nett,
              Jeniel and Nantel, Andre and Andes, David and Klein, Bruce S",
  journal  = "PLoS One",
  volume   =  7,
  number   =  5,
  pages    = "e36021",
  year     =  2012,
  keywords = "Inhibition;Ahrendt Inhibition Paper;Thesis
              References/03\_Inhibition;Thesis References"
}

@ARTICLE{Ficker2003,
  title    = "Bioassay-guided Isolation and Identification of Antifungal
              Compounds from Ginger",
  author   = "Ficker, C and Smith, M L and Akpagana, K and Gbeassor, M and
              Zhang, J and Durst, T and Assabgui, R and Arnason, J T",
  journal  = "Phytother. Res.",
  volume   =  17,
  pages    = "897--902",
  year     =  2003,
  keywords = "Inhibition;Ahrendt Inhibition Paper;Thesis
              References/03\_Inhibition;Thesis References"
}

@ARTICLE{Breger2007,
  title    = "Antifungal Chemical Compounds Identified Using a \textit{C.
              elegans} Pathogenicity Assay",
  author   = "Breger, Julia and Fuchs, Beth Burgwyn and Aperis, George and Moy,
              Terence I and Ausubel, Frederick M and Mylonakis, Eleftherios",
  journal  = "PLoS Pathog.",
  volume   =  3,
  number   =  2,
  pages    = "e18",
  year     =  2007,
  keywords = "Inhibition;Ahrendt Inhibition Paper;Thesis
              References/03\_Inhibition;Thesis References"
}

@ARTICLE{Fujimura2000,
  title     = "Fungicide Resistance and Osmotic Stress Sensitivity in
               \textit{os} Mutants of \textit{Neurospora crassa}",
  author    = "Fujimura, Makoto and Ochiai, Noriyuki and Ichiishi, Akihiko and
               Usami, Ron and Horikoshi, Koki and Yamaguchi, Isamu",
  journal   = "Pestic. Biochem. Physiol.",
  publisher = "Elsevier",
  year      =  2000,
  keywords  = "Inhibition;Ahrendt Inhibition Paper;Thesis
               References/03\_Inhibition;Thesis References"
}

@ARTICLE{Ghannoum1999,
  title    = "Antifungal Agents: Mode of Action, Mechanisms of Resistance, and
              Correlation of These Mechanisms with Bacterial Resistance",
  author   = "Ghannoum, Mahmoud A and Rice, Louis B",
  journal  = "Clin. Microbiol. Rev.",
  volume   =  12,
  number   =  4,
  pages    = "501--517",
  month    =  "1~" # oct,
  year     =  1999,
  keywords = "Inhibition;Ahrendt Inhibition Paper;Thesis
              References/03\_Inhibition;Thesis References"
}

@ARTICLE{Barr1978,
  title    = "Taxonomy and Phylogeny of Chytrids",
  author   = "Barr, Donald J S",
  journal  = "Biosystems.",
  volume   =  10,
  pages    = "153--165",
  year     =  1978,
  keywords = "Fungi/Chytrids;Fungi;REU Review papers;Interesting papers;Thesis
              References;Thesis References/03\_Inhibition"
}

@ARTICLE{Joneson2011,
  title     = "Genomic Transition to Pathogenicity in Chytrid Fungi",
  author    = "Joneson, Suzanne and Stajich, Jason E and Shiu, Shin-Han and
               Rosenblum, Erica Bree",
  editor    = "Cowen, Leah E",
  journal   = "PLoS Pathog.",
  publisher = "Public Library of Science",
  volume    =  7,
  number    =  11,
  pages     = "e1002338",
  month     =  nov,
  year      =  2011,
  keywords  = "Biology; Comparative genomics; Emerging infectious diseases;
               Evolutionary Biology; Fungi; Genetics and Genomics; Genome
               sequencing; Genomics; Microbiology; Mycology; Research
               Article;Fungi;Fungi/Chytrids;Jason;Fungi/Chytrids/Hp;REU Review
               papers;Inhibition;Ahrendt Inhibition Paper;Thesis
               References/03\_Inhibition;Thesis References/01\_Intro;Thesis
               References"
}

@ARTICLE{James2013,
  title     = "Shared signatures of parasitism and phylogenomics unite
               {Cryptomycota} and {Microsporidia}",
  author    = "James, Timothy Y and Pelin, Adrian and Bonen, Linda and Ahrendt,
               Steven and Sain, Divya and Corradi, Nicolas and Stajich, Jason E",
  journal   = "Curr. Biol.",
  publisher = "Elsevier Ltd",
  volume    =  23,
  number    =  16,
  pages     = "1548--1553",
  month     =  aug,
  year      =  2013,
  keywords  = "My Papers;Fungi;Jason;Ahrendt Inhibition Paper;Thesis
               References/03\_Inhibition;Thesis References"
}

@ARTICLE{Min2010,
  title    = "Evaluation of Computational Methods for Secreted Protein
              Prediction in Different Eukaryotes",
  author   = "Min, Xiang Jia",
  journal  = "J. Proteomics Bioinform.",
  volume   =  3,
  number   =  5,
  pages    = "143--147",
  month    =  "21~" # apr,
  year     =  2010,
  keywords = "Inhibition;Ahrendt Inhibition Paper;Thesis
              References/03\_Inhibition;Thesis References"
}

@ARTICLE{Blin2013,
  title       = "{antiSMASH} 2.0--a versatile platform for genome mining of
                 secondary metabolite producers",
  author      = "Blin, Kai and Medema, Marnix H and Kazempour, Daniyal and
                 Fischbach, Michael A and Breitling, Rainer and Takano, Eriko
                 and Weber, Tilmann",
  affiliation = "Interfaculty Institute of Microbiology and Infection Medicine
                 T{\"{u}}bingen, Eberhard Karls University T{\"{u}}bingen,
                 72076, Germany.",
  journal     = "Nucleic Acids Res.",
  volume      =  41,
  number      = "Web Server issue",
  pages       = "W204--12",
  month       =  "3~" # jun,
  year        =  2013,
  keywords    = "Inhibition;Ahrendt Inhibition Paper;Thesis
                 References/03\_Inhibition;Thesis References"
}

@ARTICLE{James2006Blasto,
  title    = "A molecular phylogeny of the flagellated fungi
              ({Chytridiomycota}) and description of a new phylum
              ({Blastocladiomycota})",
  author   = "James, Timothy Y and Letcher, Peter M and Longcore, Joyce E and
              Mozley-Standridge, Sharon E and Porter, David and Powell, Martha
              J and Griffith, Gareth W and Vilgalys, Rytas",
  journal  = "Mycologia",
  volume   =  98,
  number   =  6,
  pages    = "860--871",
  year     =  2006,
  keywords = "Chytridiomycota; Chytridiomycota: classification;
              Chytridiomycota: genetics; Chytridiomycota: ultrastructure; DNA,
              Fungal; DNA, Fungal: chemistry; DNA, Fungal: genetics; DNA,
              Ribosomal; DNA, Ribosomal: chemistry; DNA, Ribosomal: genetics;
              Fungi; Fungi: classification; Fungi: genetics; Fungi:
              ultrastructure; Microscopy, Electron, Transmission; Phylogeny;
              RNA, Ribosomal, 18S; RNA, Ribosomal, 18S: genetics; RNA,
              Ribosomal, 28S; RNA, Ribosomal, 28S: genetics; RNA, Ribosomal,
              5.8S; RNA, Ribosomal, 5.8S: genetics; Sequence Analysis,
              DNA;Fungi/Chytrids;Fungi;Jason;Thesis
              References/03\_Inhibition;Thesis References;Test"
}

@ARTICLE{Couch1972,
  title    = "Mass Production of \textit{Coelomomyces}, a Fungus That Kills
              Mosquitoes",
  author   = "Couch, J N",
  journal  = "Proceedings of the National Academy of Sciences",
  volume   =  69,
  number   =  8,
  pages    = "2043--2047",
  month    =  aug,
  year     =  1972,
  keywords = "
              chytrid;coelomomyces;Fungi/Chytrids;Fungi;Fungi/Chytrids/Coelomomyces;Ahrendt
              Coelomomyces Paper;Ahrendt Inhibition Paper;Thesis
              References/03\_Inhibition;Thesis References"
}

@ARTICLE{Casadevall2013,
  title     = "Progress in understanding fungal pathogenesis",
  author    = "Casadevall, Arturo",
  journal   = "Curr. Opin. Microbiol.",
  publisher = "Elsevier Ltd",
  volume    =  16,
  number    =  4,
  pages     = "375--376",
  month     =  aug,
  year      =  2013,
  keywords  = "Thesis References/03\_Inhibition;Thesis References"
}

@ARTICLE{Piotrowski2004,
  title    = "Physiology of \textit{Batrachochytrium dendrobatidis}, a chytrid
              pathogen of amphibians",
  author   = "Piotrowski, Jeffrey S and Annis, Seanna L and Longcore, Joyce E",
  journal  = "Mycologia",
  volume   =  96,
  number   =  1,
  pages    = "9--15",
  year     =  2004,
  keywords = "chytridiomycosis; chytridiomycota; death of poison dart; disease;
              drobatidis led to the; frogs in a; fungal
              proteases;Fungi/Chytrids;Fungi;REU Review
              papers;Inhibition;Ahrendt Inhibition Paper;Thesis
              References/03\_Inhibition;Thesis References"
}

@ARTICLE{Cantarel2008,
  title    = "{MAKER}: an easy-to-use annotation pipeline designed for emerging
              model organism genomes",
  author   = "Cantarel, Brandi L and Korf, Ian and Robb, Sofia M C and Parra,
              Genis and Ross, Eric and Moore, Barry and Holt, Carson and
              S\'{a}nchez Alvarado, Alejandro and Yandell, Mark",
  journal  = "Genome Res.",
  volume   =  18,
  number   =  1,
  pages    = "188--196",
  month    =  jan,
  year     =  2008,
  keywords = "Algorithms; Animals; Databases, Nucleic Acid; Genome, Helminth;
              Genome, Helminth: genetics; Sequence Analysis, DNA; Software;
              Turbellaria; Turbellaria:
              genetics;Unsorted/duplicates;Programs;Thesis References;Thesis
              References/03\_Inhibition"
}

@ARTICLE{Longcore2011,
  title    = "\textit{Homolaphlyctis polyrhiza} gen. et sp. nov., a species in
              the \textit{Rhizophydiales} (\textit{Chytridiomycetes}) with
              multiple rhizoidal axes",
  author   = "Longcore, Joyce E and Letcher, Peter M and James, Timothy Y",
  journal  = "Mycotaxon",
  volume   =  118,
  pages    = "433--440",
  year     =  2011,
  keywords = "chytridiomycota; phylogeny; rhizophlyctis;
              TEM;Fungi/Chytrids;Fungi;Fungi/Chytrids/Hp;REU Review
              papers;Inhibition;Ahrendt Inhibition Paper;Thesis
              References/03\_Inhibition;Thesis References;Thesis
              References/01\_Intro"
}

@ARTICLE{Park2011,
  title    = "Global analysis of serine-threonine protein kinase genes in
              \textit{Neurospora crassa}",
  author   = "Park, Gyungsoon and Servin, Jacqueline A and Turner, Gloria E and
              Altamirano, Lorena and Colot, V, Hildur and Collopy, Patrick and
              Litvinkova, Liubov and Li, Liande and Jones, Carol A and Diala,
              Fitz-Gerald and Dunlap, Jay C and Borkovich, Katherine A",
  journal  = "Eukaryot. Cell",
  volume   =  10,
  number   =  11,
  pages    = "1553--1564",
  month    =  nov,
  year     =  2011,
  keywords = "Alleles; Fungal Proteins; Fungal Proteins: chemistry; Fungal
              Proteins: genetics; Fungal Proteins: metabolism; Gene Expression
              Regulation, Fungal; Gene Knockout Techniques; Genes, Fungal;
              Mutation; Neurospora crassa; Neurospora crassa: enzymology;
              Neurospora crassa: genetics; Neurospora crassa: physiology;
              p21-Activated Kinases; p21-Activated Kinases: metabolism;
              Protein-Serine-Threonine Kinases; Protein-Serine-Threonine
              Kinases: genetics; Protein-Serine-Threonine Kinases: metabolism;
              Signal Transduction;Inhibition;Ahrendt Inhibition Paper;Thesis
              References/03\_Inhibition;Thesis References"
}

@ARTICLE{Longcore1999,
  title    = "\textit{Batrachochytrium dendrobatidis} gen. et sp. nov., a
              chytrid pathogenic to amphibians",
  author   = "Longcore, Joyce E and Pessier, Allan P and Nichols, Donald K",
  journal  = "Mycologia",
  volume   =  91,
  number   =  2,
  pages    = "219--227",
  year     =  1999,
  keywords = "Chytridiales; chytridiomycosis; Chytridiomycota; frogs; fungus;
              ultrastructure;
              zoospore;Fungi/Chytrids;Fungi;Fungi/Chytrids/Bd;Ahrendt
              Inhibition Paper;Thesis References/01\_Intro;Thesis
              References;Thesis References/03\_Inhibition"
}

